%% This BibTeX bibliography file was created using BibDesk.
%% http://bibdesk.sourceforge.net/


%% Created for Dennis Evangelista at 2012-03-24 21:59:46 -0700 


%% Saved with string encoding Unicode (UTF-8) 



@book{Titterton:1997,
	Author = {Titterton, D. H. and Weston, J. L.},
	Date-Added = {2012-03-25 04:58:26 +0000},
	Date-Modified = {2012-03-25 04:59:44 +0000},
	Publisher = {Institution of Electrical Engineers},
	Title = {Strapon Intertial Navigation Technology},
	Year = {1997}}

@book{Kuipers:1999,
	Address = {Princeton, NJ},
	Author = {Kuipers, Jack B.},
	Date-Added = {2012-03-23 15:21:03 +0000},
	Date-Modified = {2012-03-23 15:21:40 +0000},
	Publisher = {Princeton University Press},
	Title = {Quaternions and Rotation Sequences},
	Year = {1999}}

@book{Phillips:2004,
	Author = {Phillips, Warren F.},
	Date-Added = {2012-03-09 22:14:59 +0000},
	Date-Modified = {2012-03-09 22:15:34 +0000},
	Publisher = {John Wiley and Sons, Inc.},
	Title = {Mechanics of Flight},
	Year = {2004},
	Bdsk-File-1 = {YnBsaXN0MDDUAQIDBAUIJidUJHRvcFgkb2JqZWN0c1gkdmVyc2lvblkkYXJjaGl2ZXLRBgdUcm9vdIABqAkKFRYXGyIjVSRudWxs0wsMDQ4RFFpOUy5vYmplY3RzV05TLmtleXNWJGNsYXNzog8QgASABqISE4ACgAOAB1lhbGlhc0RhdGFccmVsYXRpdmVQYXRo0hgNGRpXTlMuZGF0YU8RAe4AAAAAAe4AAgAADE1hY2ludG9zaCBIRAAAAAAAAAAAAAAAAAAAAMNhm/VIKwAAE+Zz1h9QaGlsbGlwcyAtIE1lY2hhbmkjMTNFNjc0RTcucGRmAAAAAAAAAAAAAAAAAAAAAAAAAAAAAAAAAAAAAAAAAAAT5nTnyLw9klBERiBDQVJPAAQAAwAACSAAAAAAAAAAAAAAAAAAAAAFQm9va3MAABAACAAAw2IMdQAAABEACAAAyLygAgAAAAEAEBPmc9YAC9/aAAvfhQAAeWsAAgBYTWFjaW50b3NoIEhEOlVzZXJzOgBkZW5uaXNldmFuZ2VsaXN0YToARG9jdW1lbnRzOgBCb29rczoAUGhpbGxpcHMgLSBNZWNoYW5pIzEzRTY3NEU3LnBkZgAOAEYAIgBQAGgAaQBsAGwAaQBwAHMAIAAtACAATQBlAGMAaABhAG4AaQBjAHMAIABvAGYAIABGAGwAaQBnAGgAdAAuAHAAZABmAA8AGgAMAE0AYQBjAGkAbgB0AG8AcwBoACAASABEABIASlVzZXJzL2Rlbm5pc2V2YW5nZWxpc3RhL0RvY3VtZW50cy9Cb29rcy9QaGlsbGlwcyAtIE1lY2hhbmljcyBvZiBGbGlnaHQucGRmABMAAS8AABUAAgAY//8AAIAF0hwdHh9YJGNsYXNzZXNaJGNsYXNzbmFtZaMfICFdTlNNdXRhYmxlRGF0YVZOU0RhdGFYTlNPYmplY3RfED4uLi8uLi8uLi8uLi9Eb2N1bWVudHMvQm9va3MvUGhpbGxpcHMgLSBNZWNoYW5pY3Mgb2YgRmxpZ2h0LnBkZtIcHSQloiUhXE5TRGljdGlvbmFyeRIAAYagXxAPTlNLZXllZEFyY2hpdmVyAAgAEQAWAB8AKAAyADUAOgA8AEUASwBSAF0AZQBsAG8AcQBzAHYAeAB6AHwAhgCTAJgAoAKSApQCmQKiAq0CsQK/AsYCzwMQAxUDGAMlAyoAAAAAAAACAQAAAAAAAAAoAAAAAAAAAAAAAAAAAAADPA==}}

@book{Newton:1687,
	Author = {Newton, Isaac},
	Date-Added = {2012-03-05 19:22:05 +0000},
	Date-Modified = {2012-03-05 19:22:29 +0000},
	Title = {Mathematical Principles of Natural Philosophy},
	Year = {1687}}

@book{Galileo:1638,
	Author = {Galilei, Galileo},
	Date-Added = {2012-03-05 19:18:19 +0000},
	Date-Modified = {2012-03-05 22:43:56 +0000},
	Title = {Dialogues Concerning Two New Sciences},
	Year = {1638}}

@conference{Son-of-Mohg:2388,
	Address = {San Francisco, CA},
	Author = {Son of Mohg, Worf},
	Booktitle = {Strategic Analyses of the Dominion War},
	Date-Added = {2012-02-19 04:03:38 +0000},
	Date-Modified = {2012-03-06 23:55:23 +0000},
	Editor = {Netchayev, A. A.},
	Pages = {12--33},
	Publisher = {Starfleet Academy Press},
	Title = {Miscalculation at {AR558}: Weaknesses in the {J}em {H}adaar logistical train},
	Year = {2388}}

@inproceedings{Cardona:2011,
	Address = {Long Beach, CA},
	Author = {Cardona, Griselda and Evangelista, Dennis and Ray, Neil and Tse, Kyle and Wong, Doreen},
	Booktitle = {American Society of Biomechanics, Aug 10-13, 2011},
	Date-Added = {2012-03-04 23:32:53 +0000},
	Date-Modified = {2012-03-04 23:32:53 +0000},
	Note = {*},
	Title = {Measurement of the aerodynamic stability and control effectiveness of human skydivers},
	Year = {2011}}

@conference{Evangelista:2012,
	Address = {Charleston, SC},
	Author = {Evangelista, Dennis J. and Cardona, Griselda and Ray, Neil and Tse, Kyle and Wong, Doreen},
	Booktitle = {Society for Integrative and Comparative Biology Annual Meeting, Jan 3-7},
	Date-Added = {2012-03-04 23:32:47 +0000},
	Date-Modified = {2012-03-04 23:32:47 +0000},
	Note = {*},
	Title = {Measurement of the aerodynamic stability and control effectiveness of human skydivers during free fall and directed aerial descent},
	Year = {2012}}

@article{Koehl:2011,
	Author = {Koehl, Mimi A. R. and Evangelista, D. and Yang, K.},
	Date-Added = {2011-07-14 19:51:35 -0700},
	Date-Modified = {2011-09-12 19:03:19 +0000},
	Journal = {Integ Comp Biol},
	Title = {Using physical models to study the gliding performance of extinct animals},
	Year = {in press}}

@phdthesis{Plater:1994,
	Author = {Plater, Robert},
	Date-Added = {2011-07-14 19:47:49 -0700},
	Date-Modified = {2011-07-14 19:48:33 -0700},
	School = {MIT},
	Title = {Passive Dynamics in the Control of Gymnastic Maneuvers},
	Year = {1994}}

@book{McCormick:1976,
	Author = {McCormick, B. W.},
	Date-Added = {2011-07-14 16:33:00 -0700},
	Date-Modified = {2011-07-14 16:33:24 -0700},
	Publisher = {John Wiley and Sons},
	Title = {Aerodynamics, Aeronautics and Flight Dynamics},
	Year = {1976}}

@book{Poynter:2007,
	Author = {Poynter, D. and Turoff, M.},
	Date-Added = {2011-07-14 16:31:25 -0700},
	Date-Modified = {2011-07-14 16:31:52 -0700},
	Publisher = {Para Publishing},
	Title = {Parachuting: The Skydiver's Handbook},
	Year = {2007}}

@book{Simon:2006,
	Address = {Hoboken, NJ},
	Author = {Simon, Dan},
	Date-Added = {2011-02-28 15:49:14 -0800},
	Date-Modified = {2011-02-28 15:50:11 -0800},
	Publisher = {Wiley-Interscience},
	Title = {Optimal State Estimation},
	Year = {2006}}

@article{Muller:,
	Author = {W M{\"u}ller},
	Date-Added = {2011-02-24 15:55:43 -0800},
	Date-Modified = {2011-02-24 15:55:43 -0800},
	Local-Url = {file://localhost/Users/dennisevangelista/Documents/Papers/Unknown/M%C3%BCller/M%C3%BCller.pdf},
	Pmid = {related:V2Ay8A9BYZUJ},
	Rating = {0},
	Title = {The physics of ski jumping},
	Uri = {papers://7745578F-AF22-43C6-9381-71DCABA46510/Paper/p8490}}

@article{Ward-Smith:1983,
	Author = {AJ Ward-Smith and D Clements},
	Date-Added = {2011-02-24 15:55:43 -0800},
	Date-Modified = {2011-02-24 15:55:43 -0800},
	Journal = {Acta Applicandae Mathematicae},
	Local-Url = {file://localhost/Users/dennisevangelista/Documents/Papers/1983/Ward-Smith/Acta%20Applicandae%20Mathematicae%201983%20Ward-Smith.pdf},
	Number = {3},
	Pages = {301--314},
	Pmid = {17772194809135270607related:z4qMjQSFo_YJ},
	Rating = {0},
	Title = {Numerical evaluation of the flight mechanics and trajectory of a ski-jumper},
	Uri = {papers://7745578F-AF22-43C6-9381-71DCABA46510/Paper/p8491},
	Volume = {1},
	Year = {1983}}

@article{Socha:2006,
	Abstract = {Among terrestrial vertebrate gliders, take-off presents a unique problem to flying snakes (Chrysopelea). Without legs, snakes must use fundamentally different kinematics to begin their aerial trajectories. To determine the effectiveness of different modes of take-off in a gliding snake (C. paradisi), I videotaped multiple views of take-off from a horizontal branch and quantified the two- and three-dimensional coordinates of three points on the snake's body. Performance values derived from these coordinates were used to describe take-off in C. paradisi, compare modes of take-off, and make predictions about the ecological use of take-off in the wild. Four types of take-off were identified. In most observed take-offs, snakes used a vertically looped take-off (termed 'anchored J-loop' and 'sliding J-loop'), which represent the only true jumping in snakes. In an anchored J-loop take-off, the snake formed an anterior hanging loop and then jumped by holding the posterior body static on the branch and accelerating up and away from the branch. This was the most commonly used take-off mode. A sliding J-loop take-off was similar but occurred with the entire body in motion. Snakes using such take-offs lowered less of their body below the branch than in an anchored J-loop take-off, resulting in shorter preparation and vertical acceleration durations and producing a lower maximum vertical velocity. However, these differences did not produce significant differences after the snakes were fully airborne and had started their aerial trajectories. The non-looped take-offs (termed ;dive' and ;fall') were the least kinematically complex. Compared to the non-looped take-offs, looped take-offs allowed snakes to reach higher, range farther, and attain greater speeds. Futhermore, snakes that launched with looped take-offs traveled farther over the course of a full glide trajectory when starting from a 10 m high perch. Take-off in C. paradisi is qualitatively similar to that in other species of Chrysopelea and may represent a suite of behaviors that preceded the evolution of gliding flight in snakes.},
	Affiliation = {Department of Organismal Biology and Anatomy, University of Chicago, IL 60637, USA. jjsocha@uchicago.edu},
	Author = {John J Socha},
	Date-Added = {2011-02-06 14:10:18 -0800},
	Date-Modified = {2011-02-06 14:10:18 -0800},
	Doi = {10.1242/jeb.02381},
	Journal = {J. Exp. Biol.},
	Keywords = {Biomechanics, Flight, Animal, Colubridae, Video Recording, Analysis of Variance, Animals, Singapore},
	Language = {English},
	Local-Url = {file://localhost/Users/dennisevangelista/Documents/Papers/2006/Socha/J.%20Exp.%20Biol.%202006%20Socha.pdf},
	Month = {Sep},
	Number = {Pt 17},
	Pages = {3358--69},
	Pii = {209/17/3358},
	Pmid = {16916972},
	Rating = {3},
	Title = {Becoming airborne without legs: the kinematics of take-off in a flying snake, \emph{{C}hrysopelea paradisi}},
	Uri = {papers://7745578F-AF22-43C6-9381-71DCABA46510/Paper/p866},
	Volume = {209},
	Year = {2006},
	Bdsk-Url-1 = {http://dx.doi.org/10.1242/jeb.02381}}

@article{Stafford:2002,
	Abstract = {Gliding is a common adaptation in mammals. It has evolved independently in at least 6 extant taxa: Volitantia (the dermopterans and bats), Pteromyinae (true gliding squirrels), Anomaluridae (scaly-tail ``flying squirrels''), },
	Author = {B Stafford and R Thorington Jr and T Kawamichi},
	Date-Added = {2011-02-06 14:10:10 -0800},
	Date-Modified = {2011-02-06 14:10:10 -0800},
	Journal = {Journal of Mammalogy},
	Local-Url = {file://localhost/Users/dennisevangelista/Documents/Papers/2002/Stafford/Journal%20of%20Mammalogy%202002%20Stafford.pdf},
	Number = {2},
	Pages = {553--562},
	Pmid = {8792298430654167817related:CbtdztaEBHoJ},
	Rating = {5},
	Title = {Gliding behavior of {J}apanese giant flying squirrels (\emph{{P}etaurista leucogenys})},
	Uri = {papers://7745578F-AF22-43C6-9381-71DCABA46510/Paper/p2705},
	Url = {http://www.bioone.org/perlserv/?request=get-abstract&doi=10.1644%252F1545-1542(2002)083%253C0553%253AGBOJGF%253E2.0.CO%253B2},
	Volume = {83},
	Year = {2002},
	Bdsk-Url-1 = {http://www.bioone.org/perlserv/?request=get-abstract&doi=10.1644%252F1545-1542(2002)083%253C0553%253AGBOJGF%253E2.0.CO%253B2}}

@article{Socha:2005,
	Abstract = {J. Exp. Biol.},
	Author = {Socha, John J. and O'Dempsey, Tony and LaBarbera, Michael A.},
	Date-Added = {2011-02-06 14:10:05 -0800},
	Date-Modified = {2011-02-06 14:10:05 -0800},
	Doi = {doi:10.1242/jeb.01579},
	Journal = {J. Exp. Biol.},
	Local-Url = {file://localhost/Users/dennisevangelista/Documents/Papers/2005/Socha/J.%20Exp.%20Biol.%202005%20Socha-2.pdf},
	Month = {Apr},
	Pages = {1817--1833},
	Rating = {3},
	Title = {A 3-{D} kinematic analysis of gliding in a flying snake, \emph{{C}hrysopelea paradisi}},
	Uri = {papers://7745578F-AF22-43C6-9381-71DCABA46510/Paper/p2071},
	Volume = {208},
	Year = {2005},
	Bdsk-Url-1 = {http://dx.doi.org/10.1242/jeb.01579},
	Bdsk-Url-2 = {http://dx.doi.org/10.1242/jeb.01579}}

@manual{R:2010,
	Address = {Vienna, Austria},
	Author = {{R Development Core Team}},
	Date-Added = {2011-02-06 14:09:52 -0800},
	Date-Modified = {2011-02-06 14:09:52 -0800},
	Note = {{ISBN} 3-900051-07-0},
	Organization = {R Foundation for Statistical Computing},
	Rating = {5},
	Title = {R: A Language and Environment for Statistical Computing},
	Url = {http://www.R-project.org},
	Year = {2010},
	Bdsk-Url-1 = {http://www.R-project.org}}

@article{McCay:2001,
	Abstract = {JEB204-16},
	Author = {Michael G McCay},
	Date-Added = {2011-02-06 14:09:14 -0800},
	Date-Modified = {2011-07-14 19:53:55 -0700},
	Journal = {J Exp Biol},
	Keywords = {tree frog. , aerodynamic stability, Polypedates dennysi, maneuverability, gliding},
	Local-Url = {file://localhost/Users/dennisevangelista/Documents/Papers/2001/McCay/J.%20Exp.%20Biol.%202001%20McCay-1.pdf},
	Month = {Jul},
	Pages = {2817--2826},
	Rating = {5},
	Read = {Yes},
	Title = {Aerodynamic stability and maneuverability of the gliding frog \emph{{P}olypedates dennysi}},
	Uri = {papers://7745578F-AF22-43C6-9381-71DCABA46510/Paper/p2073},
	Volume = {204},
	Year = {2001}}

@article{Long:2003,
	Author = {Long, Charles A. and Zhang, G. P. and George, Thomas F. and Long, Claudine F.},
	Date-Added = {2011-02-06 14:09:05 -0800},
	Date-Modified = {2011-02-06 14:09:05 -0800},
	Journal = {J. theor. Biol.},
	Keywords = {feathered dinosaurs, theropods, birds, flight, evolution},
	Label = {rec-number 4646},
	Local-Url = {file://localhost/Users/dennisevangelista/Documents/Papers/2003/Long/J.%20theor.%20Biol.%202003%20Long.pdf},
	Month = {Sep},
	Number = {1},
	Pages = {9--26},
	Rating = {0},
	Title = {Physical theory, origin of flight, and a synthesis proposed for birds},
	Uri = {papers://7745578F-AF22-43C6-9381-71DCABA46510/Paper/p6000},
	Url = {http://www.google.com/search?client=safari&rls=en-us&q=Physical+theory,+origin+of+flight,+and+a+synthesis+proposed+for+birds&ie=UTF-8&oe=UTF-8},
	Volume = {224},
	Year = {2003},
	Bdsk-Url-1 = {http://www.google.com/search?client=safari&rls=en-us&q=Physical+theory,+origin+of+flight,+and+a+synthesis+proposed+for+birds&ie=UTF-8&oe=UTF-8}}

@book{Liem:2000,
	Author = {Liem, Karel F. and Bemis, William and Walker, Warren F. and Grande, Lance},
	Date-Added = {2011-02-06 14:08:58 -0800},
	Date-Modified = {2011-02-06 14:08:58 -0800},
	Edition = {3rd},
	Publisher = {Brooks Cole},
	Title = {Functional Anatomy of the Vertebrates},
	Year = {2000}}

@article{Geist:2000,
	Author = {Nicholas R Geist and Alan Feduccia},
	Date-Added = {2011-02-06 14:07:25 -0800},
	Date-Modified = {2011-02-06 14:07:25 -0800},
	Journal = {Am. Zool.},
	Local-Url = {file://localhost/Users/dennisevangelista/Documents/Papers/2000/Geist/Am.%20Zool.%202000%20Geist.pdf},
	Month = {Dec},
	Pages = {664--675},
	Rating = {4},
	Title = {Gravity-defying behaviors: identifying models for {P}rotoaves},
	Uri = {papers://7745578F-AF22-43C6-9381-71DCABA46510/Paper/p2055},
	Volume = {40},
	Year = {2000}}

@article{Emerson:1990b,
	Author = {Emerson, Sharon B. and Koehl, Mimi A. R.},
	Date-Added = {2011-02-06 14:06:43 -0800},
	Date-Modified = {2011-02-06 14:06:43 -0800},
	Journal = {Evolution},
	Local-Url = {file://localhost/Users/dennisevangelista/Documents/Papers/1990/Emerson/Evolution%201990%20Emerson.pdf},
	Month = {Sep},
	Number = {8},
	Pages = {1931--1946},
	Rating = {5},
	Title = {The interaction of behavioral and morphological change in the evolution of a novel locomotor type: ``Flying'' frogs},
	Uri = {papers://7745578F-AF22-43C6-9381-71DCABA46510/Paper/p2022},
	Volume = {44},
	Year = {1990}}

@book{Etkin:1996,
	Address = {New York},
	Author = {Etkin, Bernard and Reid, Lloyd Duff},
	Date-Added = {2011-02-06 14:06:43 -0800},
	Date-Modified = {2011-02-06 14:06:43 -0800},
	Edition = {3rd},
	Publisher = {John Wiley and Sons, Inc.},
	Title = {Dynamics of Flight: Stability and control},
	Year = {1996}}

@article{Emerson:1990,
	Author = {Emerson, Sharon B. and Travis, Joseph and Koehl, Mimi A. R.},
	Date-Added = {2011-02-06 14:06:35 -0800},
	Date-Modified = {2011-02-06 14:06:35 -0800},
	Journal = {Evolution},
	Local-Url = {file://localhost/Users/dennisevangelista/Documents/Papers/1990/Emerson/Evolution%201990%20Emerson-1.pdf},
	Month = {Sep},
	Number = {8},
	Pages = {2153--2157},
	Rating = {5},
	Title = {Functional complexes and additivity in performance: a test case with ``flying'' frogs},
	Uri = {papers://7745578F-AF22-43C6-9381-71DCABA46510/Paper/p2023},
	Volume = {44},
	Year = {1990}}

@article{Chatterjee:2007,
	Author = {Sankar Chatterjee and Templin, R. Jack},
	Date-Added = {2011-02-06 14:05:20 -0800},
	Date-Modified = {2011-02-06 14:05:20 -0800},
	Doi = {10.1073/},
	Journal = {Proc. Nat. Acad. Sci. USA},
	Local-Url = {file://localhost/Users/dennisevangelista/Documents/Papers/2007/Chatterjee/PNAS%202007%20Chatterjee.pdf},
	Month = {Jan},
	Number = {5},
	Pages = {1576--1580},
	Rating = {3},
	Read = {Yes},
	Title = {Biplane wing planform and flight performance of the feathered dinosaur \emph{{M}icroraptor gui}},
	Uri = {papers://7745578F-AF22-43C6-9381-71DCABA46510/Paper/p1866},
	Volume = {104},
	Year = {2007},
	Bdsk-File-1 = {YnBsaXN0MDDUAQIDBAUIJidUJHRvcFgkb2JqZWN0c1gkdmVyc2lvblkkYXJjaGl2ZXLRBgdUcm9vdIABqAkKFRYXGyIjVSRudWxs0wsMDQ4RFFpOUy5vYmplY3RzV05TLmtleXNWJGNsYXNzog8QgASABqISE4ACgAOAB1lhbGlhc0RhdGFccmVsYXRpdmVQYXRo0hgNGRpXTlMuZGF0YU8RAhQAAAAAAhQAAgAADE1hY2ludG9zaCBIRAAAAAAAAAAAAAAAAAAAAMNhm/VIKwAAEzTt+hhQTkFTIDIwMDcgQ2hhdHRlcmplZS5wZGYAAAAAAAAAAAAAAAAAAAAAAAAAAAAAAAAAAAAAAAAAAAAAAAAAAAATNO37ww7FEwAAAAAAAAAAAAMABgAACSAAAAAAAAAAAAAAAAAAAAAKQ2hhdHRlcmplZQAQAAgAAMNiDHUAAAARAAgAAMMPJ4MAAAABABwTNO36EzTfsxM035cTNN9LAAvf2gAL34UAAHlrAAIAb01hY2ludG9zaCBIRDpVc2VyczoAZGVubmlzZXZhbmdlbGlzdGE6AERvY3VtZW50czoAUGFwZXJzMjoAQXJ0aWNsZXM6ADIwMDc6AENoYXR0ZXJqZWU6AFBOQVMgMjAwNyBDaGF0dGVyamVlLnBkZgAADgAyABgAUABOAEEAUwAgADIAMAAwADcAIABDAGgAYQB0AHQAZQByAGoAZQBlAC4AcABkAGYADwAaAAwATQBhAGMAaQBuAHQAbwBzAGgAIABIAEQAEgBbVXNlcnMvZGVubmlzZXZhbmdlbGlzdGEvRG9jdW1lbnRzL1BhcGVyczIvQXJ0aWNsZXMvMjAwNy9DaGF0dGVyamVlL1BOQVMgMjAwNyBDaGF0dGVyamVlLnBkZgAAEwABLwAAFQACABj//wAAgAXSHB0eH1gkY2xhc3Nlc1okY2xhc3NuYW1lox8gIV1OU011dGFibGVEYXRhVk5TRGF0YVhOU09iamVjdF8QTC4uLy4uLy4uL0RvY3VtZW50cy9QYXBlcnMyL0FydGljbGVzLzIwMDcvQ2hhdHRlcmplZS9QTkFTIDIwMDcgQ2hhdHRlcmplZS5wZGbSHB0kJaIlIVxOU0RpY3Rpb25hcnkSAAGGoF8QD05TS2V5ZWRBcmNoaXZlcgAIABEAFgAfACgAMgA1ADoAPABFAEsAUgBdAGUAbABvAHEAcwB2AHgAegB8AIYAkwCYAKACuAK6Ar8CyALTAtcC5QLsAvUDRANJA0wDWQNeAAAAAAAAAgEAAAAAAAAAKAAAAAAAAAAAAAAAAAAAA3A=},
	Bdsk-File-2 = {YnBsaXN0MDDUAQIDBAUIJidUJHRvcFgkb2JqZWN0c1gkdmVyc2lvblkkYXJjaGl2ZXLRBgdUcm9vdIABqAkKFRYXGyIjVSRudWxs0wsMDQ4RFFpOUy5vYmplY3RzV05TLmtleXNWJGNsYXNzog8QgASABqISE4ACgAOAB1lhbGlhc0RhdGFccmVsYXRpdmVQYXRo0hgNGRpXTlMuZGF0YU8RAgIAAAAAAgIAAgAADE1hY2ludG9zaCBIRAAAAAAAAAAAAAAAAAAAAMNhm/VIKwAAAAwOlxpQTkFTIDIwMDcgQ2hhdHRlcmplZS0xLnBkZgAAAAAAAAAAAAAAAAAAAAAAAAAAAAAAAAAAAAAAAAAAAAAAAAAADA6Ywx7wpAAAAAAAAAAAAAMABQAACSAAAAAAAAAAAAAAAAAAAAAKQ2hhdHRlcmplZQAQAAgAAMNiDHUAAAARAAgAAMMfUxQAAAABABgADA6XAAwOPQAMA04AC9/aAAvfhQAAeWsAAgBmTWFjaW50b3NoIEhEOlVzZXJzOgBkZW5uaXNldmFuZ2VsaXN0YToARG9jdW1lbnRzOgBQYXBlcnM6ADIwMDc6AENoYXR0ZXJqZWU6AFBOQVMgMjAwNyBDaGF0dGVyamVlLTEucGRmAA4ANgAaAFAATgBBAFMAIAAyADAAMAA3ACAAQwBoAGEAdAB0AGUAcgBqAGUAZQAtADEALgBwAGQAZgAPABoADABNAGEAYwBpAG4AdABvAHMAaAAgAEgARAASAFNVc2Vycy9kZW5uaXNldmFuZ2VsaXN0YS9Eb2N1bWVudHMvUGFwZXJzLzIwMDcvQ2hhdHRlcmplZS9QTkFTIDIwMDcgQ2hhdHRlcmplZS0xLnBkZgAAEwABLwAAFQACABj//wAAgAXSHB0eH1gkY2xhc3Nlc1okY2xhc3NuYW1lox8gIV1OU011dGFibGVEYXRhVk5TRGF0YVhOU09iamVjdF8QRC4uLy4uLy4uL0RvY3VtZW50cy9QYXBlcnMvMjAwNy9DaGF0dGVyamVlL1BOQVMgMjAwNyBDaGF0dGVyamVlLTEucGRm0hwdJCWiJSFcTlNEaWN0aW9uYXJ5EgABhqBfEA9OU0tleWVkQXJjaGl2ZXIACAARABYAHwAoADIANQA6ADwARQBLAFIAXQBlAGwAbwBxAHMAdgB4AHoAfACGAJMAmACgAqYCqAKtArYCwQLFAtMC2gLjAyoDLwMyAz8DRAAAAAAAAAIBAAAAAAAAACgAAAAAAAAAAAAAAAAAAANW},
	Bdsk-Url-1 = {http://dx.doi.org/10.1073/}}

@article{Chatterjee:2003,
	Author = {Sankar Chatterjee and R. Jack Templin},
	Date-Added = {2011-02-06 14:05:15 -0800},
	Date-Modified = {2011-02-06 14:05:15 -0800},
	Doi = {DOI 10.1007/s00114-002-0385-0},
	Journal = {Naturwissenschaften},
	Local-Url = {file://localhost/Users/dennisevangelista/Documents/Papers/2003/Chatterjee/Naturwissenschaften%202003%20Chatterjee.pdf},
	Month = {Jan},
	Pages = {27--32},
	Rating = {5},
	Title = {The flight of \emph{{A}rchaeopteryx}},
	Uri = {papers://7745578F-AF22-43C6-9381-71DCABA46510/Paper/p2139},
	Volume = {90},
	Year = {2003},
	Bdsk-File-1 = {YnBsaXN0MDDUAQIDBAUIJidUJHRvcFgkb2JqZWN0c1gkdmVyc2lvblkkYXJjaGl2ZXLRBgdUcm9vdIABqAkKFRYXGyIjVSRudWxs0wsMDQ4RFFpOUy5vYmplY3RzV05TLmtleXNWJGNsYXNzog8QgASABqISE4ACgAOAB1lhbGlhc0RhdGFccmVsYXRpdmVQYXRo0hgNGRpXTlMuZGF0YU8RAkYAAAAAAkYAAgAADE1hY2ludG9zaCBIRAAAAAAAAAAAAAAAAAAAAMNhm/VIKwAAEzTwqh9OYXR1cndpc3NlbnNjaGFmdGUjMTMzNEYwQUIucGRmAAAAAAAAAAAAAAAAAAAAAAAAAAAAAAAAAAAAAAAAAAATNPCrwyvDmAAAAAAAAAAAAAMABgAACSAAAAAAAAAAAAAAAAAAAAAKQ2hhdHRlcmplZQAQAAgAAMNiDHUAAAARAAgAAMMsJggAAAABABwTNPCqEzTf0hM035cTNN9LAAvf2gAL34UAAHlrAAIAdk1hY2ludG9zaCBIRDpVc2VyczoAZGVubmlzZXZhbmdlbGlzdGE6AERvY3VtZW50czoAUGFwZXJzMjoAQXJ0aWNsZXM6ADIwMDM6AENoYXR0ZXJqZWU6AE5hdHVyd2lzc2Vuc2NoYWZ0ZSMxMzM0RjBBQi5wZGYADgBQACcATgBhAHQAdQByAHcAaQBzAHMAZQBuAHMAYwBoAGEAZgB0AGUAbgAgADIAMAAwADMAIABDAGgAYQB0AHQAZQByAGoAZQBlAC4AcABkAGYADwAaAAwATQBhAGMAaQBuAHQAbwBzAGgAIABIAEQAEgBqVXNlcnMvZGVubmlzZXZhbmdlbGlzdGEvRG9jdW1lbnRzL1BhcGVyczIvQXJ0aWNsZXMvMjAwMy9DaGF0dGVyamVlL05hdHVyd2lzc2Vuc2NoYWZ0ZW4gMjAwMyBDaGF0dGVyamVlLnBkZgATAAEvAAAVAAIAGP//AACABdIcHR4fWCRjbGFzc2VzWiRjbGFzc25hbWWjHyAhXU5TTXV0YWJsZURhdGFWTlNEYXRhWE5TT2JqZWN0XxBbLi4vLi4vLi4vRG9jdW1lbnRzL1BhcGVyczIvQXJ0aWNsZXMvMjAwMy9DaGF0dGVyamVlL05hdHVyd2lzc2Vuc2NoYWZ0ZW4gMjAwMyBDaGF0dGVyamVlLnBkZtIcHSQloiUhXE5TRGljdGlvbmFyeRIAAYagXxAPTlNLZXllZEFyY2hpdmVyAAgAEQAWAB8AKAAyADUAOgA8AEUASwBSAF0AZQBsAG8AcQBzAHYAeAB6AHwAhgCTAJgAoALqAuwC8QL6AwUDCQMXAx4DJwOFA4oDjQOaA58AAAAAAAACAQAAAAAAAAAoAAAAAAAAAAAAAAAAAAADsQ==},
	Bdsk-Url-1 = {http://dx.doi.org/10.1007/s00114-002-0385-0}}

@article{Bishop:2007,
	Abstract = {Gliding has often been discussed in the literature as a possible precursor to powered flight in vertebrates, but few studies exist on the mechanics of gliding in living animals. In this study I analyzed the 3D kinematics of sugar gliders (Petaurus breviceps) during short glides in an enclosed space. Short segments of the glide were captured on video, and the positions of marked anatomical landmarks were used to compute linear distances and angles, as well as whole body velocities and accelerations. From the whole body accelerations I estimated the aerodynamic forces generated by the animals. I computed the correlations between movements of the limbs and body rotations to examine the control of orientation during flight. Finally, I compared these results to those of my earlier study on the similarly sized and distantly related southern flying squirrel (Glaucomys volans). The sugar gliders in this study accelerated downward slightly (1.0+/-0.5 m s(-2)), and also accelerated forward (2.1+/-0.6 m s(-2)) in all but one trial, indicating that the body weight was not fully supported by aerodynamic forces and that some of the lift produced forward acceleration rather than just balancing body weight. The gliders used high angles of attack (44.15+/-3.12 degrees ), far higher than the angles at which airplane wings would stall, yet generated higher lift coefficients (1.48+/-0.18) than would be expected for a stalled wing. Movements of the limbs were strongly correlated with body rotations, suggesting that sugar gliders make extensive use of limb movements to control their orientation during gliding flight. In addition, among individuals, different limb movements were associated with a given body rotation, suggesting that individual variation exists in the control of body rotations. Under similar conditions, flying squirrels generated higher lift coefficients and lower drag coefficients than sugar gliders, yet had only marginally shallower glides. Flying squirrels have a number of morphological specializations not shared by sugar gliders that may help to explain their greater lift generating performance.},
	Affiliation = {Department of Ecology and Evolutionary Biology, Brown University, Providence, RI 02912, USA.},
	Author = {Kristin L Bishop},
	Date-Added = {2011-02-06 14:04:59 -0800},
	Date-Modified = {2011-02-06 14:04:59 -0800},
	Doi = {10.1242/jeb.002071},
	Journal = {J. Exp. Biol.},
	Language = {English},
	Month = {Aug},
	Number = {Pt 15},
	Pages = {2593--606},
	Pii = {210/15/2593},
	Pmid = {17644674},
	Rating = {0},
	Title = {Aerodynamic force generation, performance and control of body orientation during gliding in sugar gliders (\emph{{P}etaurus breviceps})},
	Uri = {papers://7745578F-AF22-43C6-9381-71DCABA46510/Paper/p1823},
	Volume = {210},
	Year = {2007},
	Bdsk-File-1 = {YnBsaXN0MDDUAQIDBAUIJidUJHRvcFgkb2JqZWN0c1gkdmVyc2lvblkkYXJjaGl2ZXLRBgdUcm9vdIABqAkKFRYXGyIjVSRudWxs0wsMDQ4RFFpOUy5vYmplY3RzV05TLmtleXNWJGNsYXNzog8QgASABqISE4ACgAOAB1lhbGlhc0RhdGFccmVsYXRpdmVQYXRo0hgNGRpXTlMuZGF0YU8RAhAAAAAAAhAAAgAADE1hY2ludG9zaCBIRAAAAAAAAAAAAAAAAAAAAMNhm/VIKwAAEzTthBpKIEV4cCBCaW9sIDIwMDcgQmlzaG9wLnBkZgAAAAAAAAAAAAAAAAAAAAAAAAAAAAAAAAAAAAAAAAAAAAAAAAATNPAFwx/9AwAAAAAAAAAAAAMABgAACSAAAAAAAAAAAAAAAAAAAAAGQmlzaG9wABAACAAAw2IMdQAAABEACAAAwyBfcwAAAAEAHBM07YQTNN+zEzTflxM030sAC9/aAAvfhQAAeWsAAgBtTWFjaW50b3NoIEhEOlVzZXJzOgBkZW5uaXNldmFuZ2VsaXN0YToARG9jdW1lbnRzOgBQYXBlcnMyOgBBcnRpY2xlczoAMjAwNzoAQmlzaG9wOgBKIEV4cCBCaW9sIDIwMDcgQmlzaG9wLnBkZgAADgA2ABoASgAgAEUAeABwACAAQgBpAG8AbAAgADIAMAAwADcAIABCAGkAcwBoAG8AcAAuAHAAZABmAA8AGgAMAE0AYQBjAGkAbgB0AG8AcwBoACAASABEABIAWVVzZXJzL2Rlbm5pc2V2YW5nZWxpc3RhL0RvY3VtZW50cy9QYXBlcnMyL0FydGljbGVzLzIwMDcvQmlzaG9wL0ogRXhwIEJpb2wgMjAwNyBCaXNob3AucGRmAAATAAEvAAAVAAIAGP//AACABdIcHR4fWCRjbGFzc2VzWiRjbGFzc25hbWWjHyAhXU5TTXV0YWJsZURhdGFWTlNEYXRhWE5TT2JqZWN0XxBKLi4vLi4vLi4vRG9jdW1lbnRzL1BhcGVyczIvQXJ0aWNsZXMvMjAwNy9CaXNob3AvSiBFeHAgQmlvbCAyMDA3IEJpc2hvcC5wZGbSHB0kJaIlIVxOU0RpY3Rpb25hcnkSAAGGoF8QD05TS2V5ZWRBcmNoaXZlcgAIABEAFgAfACgAMgA1ADoAPABFAEsAUgBdAGUAbABvAHEAcwB2AHgAegB8AIYAkwCYAKACtAK2ArsCxALPAtMC4QLoAvEDPgNDA0YDUwNYAAAAAAAAAgEAAAAAAAAAKAAAAAAAAAAAAAAAAAAAA2o=},
	Bdsk-Url-1 = {http://dx.doi.org/10.1242/jeb.002071},
	Bdsk-Url-2 = {http://dx.doi.org/10.1242/jeb.002071}}

@article{Istre:2003,
	Abstract = {Results: Ninety eight children were injured in falls from buildings during the three year period; 39 (40%) were admitted to hospital. Seventy five of the falls (77%) involved apartments, and most occurred around noon or evening meal },
	Author = {G Istre and M McCoy and M Stowe and K Davies and D Zane},
	Date-Added = {2008-01-25 14:20:43 -0800},
	Date-Modified = {2011-02-06 12:52:44 -0800},
	Journal = {British Medical Journal},
	Local-Url = {file://localhost/Users/dennisevangelista/Documents/Papers/2003/Istre/British%20Medical%20Journal%202003%20Istre.pdf},
	Month = {Jan},
	Pmid = {12244077098330992438related:Nq-DwD-z66kJ},
	Rating = {3},
	Title = {Childhood injuries due to falls from apartment balconies and windows},
	Uri = {papers://7745578F-AF22-43C6-9381-71DCABA46510/Paper/p2522},
	Url = {http://injuryprevention.bmj.com/cgi/content/abstract/9/4/349},
	Year = {2003},
	Bdsk-File-1 = {YnBsaXN0MDDUAQIDBAUIJidUJHRvcFgkb2JqZWN0c1gkdmVyc2lvblkkYXJjaGl2ZXLRBgdUcm9vdIABqAkKFRYXGyIjVSRudWxs0wsMDQ4RFFpOUy5vYmplY3RzV05TLmtleXNWJGNsYXNzog8QgASABqISE4ACgAOAB1lhbGlhc0RhdGFccmVsYXRpdmVQYXRo0hgNGRpXTlMuZGF0YU8RAjYAAAAAAjYAAgAADE1hY2ludG9zaCBIRAAAAAAAAAAAAAAAAAAAAMNhm/VIKwAAEzT0HR9Ccml0aXNoIE1lZGljYWwgSm8jMTMzNEY0MUUucGRmAAAAAAAAAAAAAAAAAAAAAAAAAAAAAAAAAAAAAAAAAAATNPQew7+fowAAAAAAAAAAAAMABgAACSAAAAAAAAAAAAAAAAAAAAAFSXN0cmUAABAACAAAw2IMdQAAABEACAAAw8AQIwAAAAEAHBM09B0TNN/SEzTflxM030sAC9/aAAvfhQAAeWsAAgBxTWFjaW50b3NoIEhEOlVzZXJzOgBkZW5uaXNldmFuZ2VsaXN0YToARG9jdW1lbnRzOgBQYXBlcnMyOgBBcnRpY2xlczoAMjAwMzoASXN0cmU6AEJyaXRpc2ggTWVkaWNhbCBKbyMxMzM0RjQxRS5wZGYAAA4ATgAmAEIAcgBpAHQAaQBzAGgAIABNAGUAZABpAGMAYQBsACAASgBvAHUAcgBuAGEAbAAgADIAMAAwADMAIABJAHMAdAByAGUALgBwAGQAZgAPABoADABNAGEAYwBpAG4AdABvAHMAaAAgAEgARAASAGRVc2Vycy9kZW5uaXNldmFuZ2VsaXN0YS9Eb2N1bWVudHMvUGFwZXJzMi9BcnRpY2xlcy8yMDAzL0lzdHJlL0JyaXRpc2ggTWVkaWNhbCBKb3VybmFsIDIwMDMgSXN0cmUucGRmABMAAS8AABUAAgAY//8AAIAF0hwdHh9YJGNsYXNzZXNaJGNsYXNzbmFtZaMfICFdTlNNdXRhYmxlRGF0YVZOU0RhdGFYTlNPYmplY3RfEFUuLi8uLi8uLi9Eb2N1bWVudHMvUGFwZXJzMi9BcnRpY2xlcy8yMDAzL0lzdHJlL0JyaXRpc2ggTWVkaWNhbCBKb3VybmFsIDIwMDMgSXN0cmUucGRm0hwdJCWiJSFcTlNEaWN0aW9uYXJ5EgABhqBfEA9OU0tleWVkQXJjaGl2ZXIACAARABYAHwAoADIANQA6ADwARQBLAFIAXQBlAGwAbwBxAHMAdgB4AHoAfACGAJMAmACgAtoC3ALhAuoC9QL5AwcDDgMXA28DdAN3A4QDiQAAAAAAAAIBAAAAAAAAACgAAAAAAAAAAAAAAAAAAAOb},
	Bdsk-Url-1 = {http://injuryprevention.bmj.com/cgi/content/abstract/9/4/349}}

@article{Balci:2004,
	Abstract = {OBJECTIVE: Thoracic injuries are uncommon in children and few report present on blunt ones. METHODS: Between 1994 and 2003, 137 children with blunt thoracic injury were reviewed. RESULTS: The mean age of children was 6.9+/-7.3 (1-16) years. Etiology was falls in 46.7%, traffical accidents in 51% and abuse in 2.2%. Average height in fallen-down cases was 6.4+/-2 (range: 3-11) m. Calculated mean kinetic energy transfer to body was 1923+/-1056 J. When first seen, 70% (82/117) of the patients had vital signs that were within normal limits. Forty-two (35.9%) children had isolated thoracic injury. Associated injuries were present in 75 (64.1%) children. Head injury was the most common associated injury present in 33 (28.2%). Pulmonary contusion was the most common thoracic injury with 68 (49.6%). Seventeen (12.4%) required surgery, 11 (8%) of them were thoracic (4 for diaphragmatic tear, 2 for flail chest, 2 for tracheobronchial injuries, 2 for laceration, 1 for esophageal rupture). Surgical group had higher ISS (26.8 vs 36.2, P = 0.001). Fifteen were lost (10.9%): There were lethal injuries in 7; chest tube treatment in 3; intensive care unit management in 2; mechanical support in 2 and observation in 1 patient. No death occurred for operations. Mortality rate was the lowest at injuries to chest alone and the highest for multi-system injuries (P < 0.05). The hospital length of stay for averaged 13.4+/-8.8 (range: 4-49) days. CONCLUSION: Associated injury is the most important mortality factor. Thoracic operations can be performed with minimal morbidity and without mortality in children with blunt thoracic trauma.},
	Affiliation = {Department of Thoracic Surgery, Firat University School of Medicine, Elazig 23100, Turkey. abalci@firat.edu.tr},
	Author = {Akin Eraslan Balci and Ahmet Kazez and Sevval Eren and Erhan Ayan and Koray Ozalp and Mehmet Nesimi Eren},
	Date-Added = {2010-07-25 13:05:40 -0700},
	Date-Modified = {2011-02-06 12:52:44 -0800},
	Doi = {10.1016/j.ejcts.2004.04.024},
	Journal = {Eur J Cardiothorac Surg},
	Keywords = {Child: Preschool, Retrospective Studies, Multiple Trauma, Drainage, Female, Thoracic Injuries, Lung Injury, Craniocerebral Trauma, Male, Injury Severity Score, Child, Wounds: Nonpenetrating, Contusions, Infant, Humans, Intensive Care, Adolescent},
	Language = {eng},
	Month = {Aug},
	Number = {2},
	Pages = {387--92},
	Pii = {S1010794004003252},
	Pmid = {15296902},
	Rating = {0},
	Title = {Blunt thoracic trauma in children: review of 137 cases},
	Uri = {papers://7745578F-AF22-43C6-9381-71DCABA46510/Paper/p7830},
	Volume = {26},
	Year = {2004},
	Bdsk-Url-1 = {http://dx.doi.org/10.1016/j.ejcts.2004.04.024}}

@article{Pressley:2005,
	Abstract = {Design and setting: The Health Care Cost and Utilization Project (KID-HCUP) was used to produce national estimates of hospital admissions due to falls from buildings in the US. Areas of New York with and without window guard },
	Author = {J Pressley and B Barlow},
	Date-Added = {2008-01-25 14:20:43 -0800},
	Date-Modified = {2011-02-06 12:52:44 -0800},
	Journal = {British Medical Journal},
	Local-Url = {file://localhost/Users/dennisevangelista/Documents/Papers/2005/Pressley/British%20Medical%20Journal%202005%20Pressley.pdf},
	Month = {Jan},
	Pmid = {5490302112791290536related:qGKAxq54MUwJ},
	Rating = {3},
	Title = {Child and adolescent injury as a result of falls from buildings and structures},
	Uri = {papers://7745578F-AF22-43C6-9381-71DCABA46510/Paper/p2523},
	Url = {http://injuryprevention.bmj.com/cgi/content/abstract/11/5/267},
	Year = {2005},
	Bdsk-File-1 = {YnBsaXN0MDDUAQIDBAUIJidUJHRvcFgkb2JqZWN0c1gkdmVyc2lvblkkYXJjaGl2ZXLRBgdUcm9vdIABqAkKFRYXGyIjVSRudWxs0wsMDQ4RFFpOUy5vYmplY3RzV05TLmtleXNWJGNsYXNzog8QgASABqISE4ACgAOAB1lhbGlhc0RhdGFccmVsYXRpdmVQYXRo0hgNGRpXTlMuZGF0YU8RAkYAAAAAAkYAAgAADE1hY2ludG9zaCBIRAAAAAAAAAAAAAAAAAAAAMNhm/VIKwAAEzT0IB9Ccml0aXNoIE1lZGljYWwgSm8jMTMzNEY0MjEucGRmAAAAAAAAAAAAAAAAAAAAAAAAAAAAAAAAAAAAAAAAAAATNPQhw7+flwAAAAAAAAAAAAMABgAACSAAAAAAAAAAAAAAAAAAAAAIUHJlc3NsZXkAEAAIAADDYgx1AAAAEQAIAADDwBAXAAAAAQAcEzT0IBM038ATNN+XEzTfSwAL39oAC9+FAAB5awACAHRNYWNpbnRvc2ggSEQ6VXNlcnM6AGRlbm5pc2V2YW5nZWxpc3RhOgBEb2N1bWVudHM6AFBhcGVyczI6AEFydGljbGVzOgAyMDA1OgBQcmVzc2xleToAQnJpdGlzaCBNZWRpY2FsIEpvIzEzMzRGNDIxLnBkZgAOAFQAKQBCAHIAaQB0AGkAcwBoACAATQBlAGQAaQBjAGEAbAAgAEoAbwB1AHIAbgBhAGwAIAAyADAAMAA1ACAAUAByAGUAcwBzAGwAZQB5AC4AcABkAGYADwAaAAwATQBhAGMAaQBuAHQAbwBzAGgAIABIAEQAEgBqVXNlcnMvZGVubmlzZXZhbmdlbGlzdGEvRG9jdW1lbnRzL1BhcGVyczIvQXJ0aWNsZXMvMjAwNS9QcmVzc2xleS9Ccml0aXNoIE1lZGljYWwgSm91cm5hbCAyMDA1IFByZXNzbGV5LnBkZgATAAEvAAAVAAIAGP//AACABdIcHR4fWCRjbGFzc2VzWiRjbGFzc25hbWWjHyAhXU5TTXV0YWJsZURhdGFWTlNEYXRhWE5TT2JqZWN0XxBbLi4vLi4vLi4vRG9jdW1lbnRzL1BhcGVyczIvQXJ0aWNsZXMvMjAwNS9QcmVzc2xleS9Ccml0aXNoIE1lZGljYWwgSm91cm5hbCAyMDA1IFByZXNzbGV5LnBkZtIcHSQloiUhXE5TRGljdGlvbmFyeRIAAYagXxAPTlNLZXllZEFyY2hpdmVyAAgAEQAWAB8AKAAyADUAOgA8AEUASwBSAF0AZQBsAG8AcQBzAHYAeAB6AHwAhgCTAJgAoALqAuwC8QL6AwUDCQMXAx4DJwOFA4oDjQOaA58AAAAAAAACAQAAAAAAAAAoAAAAAAAAAAAAAAAAAAADsQ==},
	Bdsk-Url-1 = {http://injuryprevention.bmj.com/cgi/content/abstract/11/5/267}}

@article{Aoyama:2006,
	Author = {A Aoyama and M Nakashima},
	Date-Added = {2011-01-24 15:36:20 -0800},
	Date-Modified = {2011-02-06 12:52:44 -0800},
	Journal = {The Engineering of Sport 6},
	Local-Url = {file://localhost/Users/dennisevangelista/Documents/Papers/2006/Aoyama/The%20Engineering%20of%20Sport%206%202006%20Aoyama.pdf},
	Pages = {167--172},
	Pmid = {4845942669904402639related:z1iP8S4_QEMJ},
	Rating = {5},
	Title = {Simulation Analysis of Maneuver in Skydiving},
	Uri = {papers://7745578F-AF22-43C6-9381-71DCABA46510/Paper/p8384},
	Year = {2006},
	Bdsk-File-1 = {YnBsaXN0MDDUAQIDBAUIJidUJHRvcFgkb2JqZWN0c1gkdmVyc2lvblkkYXJjaGl2ZXLRBgdUcm9vdIABqAkKFRYXGyIjVSRudWxs0wsMDQ4RFFpOUy5vYmplY3RzV05TLmtleXNWJGNsYXNzog8QgASABqISE4ACgAOAB1lhbGlhc0RhdGFccmVsYXRpdmVQYXRo0hgNGRpXTlMuZGF0YU8RAkQAAAAAAkQAAgAADE1hY2ludG9zaCBIRAAAAAAAAAAAAAAAAAAAAMNhm/VIKwAAEzUkwR9UaGUgRW5naW5lZXJpbmcgb2YjMTMzNTI0QzIucGRmAAAAAAAAAAAAAAAAAAAAAAAAAAAAAAAAAAAAAAAAAAATNSTCyV9TPQAAAAAAAAAAAAMABgAACSAAAAAAAAAAAAAAAAAAAAAGQW95YW1hABAACAAAw2IMdQAAABEACAAAyV/DvQAAAAEAHBM1JMETNN+oEzTflxM030sAC9/aAAvfhQAAeWsAAgByTWFjaW50b3NoIEhEOlVzZXJzOgBkZW5uaXNldmFuZ2VsaXN0YToARG9jdW1lbnRzOgBQYXBlcnMyOgBBcnRpY2xlczoAMjAwNjoAQW95YW1hOgBUaGUgRW5naW5lZXJpbmcgb2YjMTMzNTI0QzIucGRmAA4AVgAqAFQAaABlACAARQBuAGcAaQBuAGUAZQByAGkAbgBnACAAbwBmACAAUwBwAG8AcgB0ACAANgAgADIAMAAwADYAIABBAG8AeQBhAG0AYQAuAHAAZABmAA8AGgAMAE0AYQBjAGkAbgB0AG8AcwBoACAASABEABIAaVVzZXJzL2Rlbm5pc2V2YW5nZWxpc3RhL0RvY3VtZW50cy9QYXBlcnMyL0FydGljbGVzLzIwMDYvQW95YW1hL1RoZSBFbmdpbmVlcmluZyBvZiBTcG9ydCA2IDIwMDYgQW95YW1hLnBkZgAAEwABLwAAFQACABj//wAAgAXSHB0eH1gkY2xhc3Nlc1okY2xhc3NuYW1lox8gIV1OU011dGFibGVEYXRhVk5TRGF0YVhOU09iamVjdF8QWi4uLy4uLy4uL0RvY3VtZW50cy9QYXBlcnMyL0FydGljbGVzLzIwMDYvQW95YW1hL1RoZSBFbmdpbmVlcmluZyBvZiBTcG9ydCA2IDIwMDYgQW95YW1hLnBkZtIcHSQloiUhXE5TRGljdGlvbmFyeRIAAYagXxAPTlNLZXllZEFyY2hpdmVyAAgAEQAWAB8AKAAyADUAOgA8AEUASwBSAF0AZQBsAG8AcQBzAHYAeAB6AHwAhgCTAJgAoALoAuoC7wL4AwMDBwMVAxwDJQOCA4cDigOXA5wAAAAAAAACAQAAAAAAAAAoAAAAAAAAAAAAAAAAAAADrg==}}

@article{Snyder:1965,
	Author = {Richard G Snyder},
	Date-Added = {2011-01-24 15:36:22 -0800},
	Date-Modified = {2011-02-06 12:52:44 -0800},
	Journal = {Federal Aviation Administration report AM 65-12},
	Local-Url = {file://localhost/Users/dennisevangelista/Documents/Papers/1965/Snyder/Federal%20Aviation%20Administration%20report%20AM%2065-12%201965%20Snyder.pdf},
	Month = {Apr},
	Pages = {1--14},
	Rating = {0},
	Title = {Survival of high-velocity free-falls in water},
	Uri = {papers://7745578F-AF22-43C6-9381-71DCABA46510/Paper/p8374},
	Year = {1965},
	Bdsk-File-1 = {YnBsaXN0MDDUAQIDBAUIJidUJHRvcFgkb2JqZWN0c1gkdmVyc2lvblkkYXJjaGl2ZXLRBgdUcm9vdIABqAkKFRYXGyIjVSRudWxs0wsMDQ4RFFpOUy5vYmplY3RzV05TLmtleXNWJGNsYXNzog8QgASABqISE4ACgAOAB1lhbGlhc0RhdGFccmVsYXRpdmVQYXRo0hgNGRpXTlMuZGF0YU8RAoIAAAAAAoIAAgAADE1hY2ludG9zaCBIRAAAAAAAAAAAAAAAAAAAAMNhm/VIKwAAEzUkqh9GZWRlcmFsIEF2aWF0aW9uIEEjMTMzNTI0QUIucGRmAAAAAAAAAAAAAAAAAAAAAAAAAAAAAAAAAAAAAAAAAAATNSSryV9STAAAAAAAAAAAAAMABgAACSAAAAAAAAAAAAAAAAAAAAAGU255ZGVyABAACAAAw2IMdQAAABEACAAAyV/CzAAAAAEAHBM1JKoTNPHJEzTflxM030sAC9/aAAvfhQAAeWsAAgByTWFjaW50b3NoIEhEOlVzZXJzOgBkZW5uaXNldmFuZ2VsaXN0YToARG9jdW1lbnRzOgBQYXBlcnMyOgBBcnRpY2xlczoAMTk2NToAU255ZGVyOgBGZWRlcmFsIEF2aWF0aW9uIEEjMTMzNTI0QUIucGRmAA4AgAA/AEYAZQBkAGUAcgBhAGwAIABBAHYAaQBhAHQAaQBvAG4AIABBAGQAbQBpAG4AaQBzAHQAcgBhAHQAaQBvAG4AIAByAGUAcABvAHIAdAAgAEEATQAgADYANQAtADEAMgAgADEAOQA2ADUAIABTAG4AeQBkAGUAcgAuAHAAZABmAA8AGgAMAE0AYQBjAGkAbgB0AG8AcwBoACAASABEABIAflVzZXJzL2Rlbm5pc2V2YW5nZWxpc3RhL0RvY3VtZW50cy9QYXBlcnMyL0FydGljbGVzLzE5NjUvU255ZGVyL0ZlZGVyYWwgQXZpYXRpb24gQWRtaW5pc3RyYXRpb24gcmVwb3J0IEFNIDY1LTEyIDE5NjUgU255ZGVyLnBkZgATAAEvAAAVAAIAGP//AACABdIcHR4fWCRjbGFzc2VzWiRjbGFzc25hbWWjHyAhXU5TTXV0YWJsZURhdGFWTlNEYXRhWE5TT2JqZWN0XxBvLi4vLi4vLi4vRG9jdW1lbnRzL1BhcGVyczIvQXJ0aWNsZXMvMTk2NS9TbnlkZXIvRmVkZXJhbCBBdmlhdGlvbiBBZG1pbmlzdHJhdGlvbiByZXBvcnQgQU0gNjUtMTIgMTk2NSBTbnlkZXIucGRm0hwdJCWiJSFcTlNEaWN0aW9uYXJ5EgABhqBfEA9OU0tleWVkQXJjaGl2ZXIACAARABYAHwAoADIANQA6ADwARQBLAFIAXQBlAGwAbwBxAHMAdgB4AHoAfACGAJMAmACgAyYDKAMtAzYDQQNFA1MDWgNjA9UD2gPdA+oD7wAAAAAAAAIBAAAAAAAAACgAAAAAAAAAAAAAAAAAAAQB}}

@article{Pratschke:2002a,
	Abstract = {Three cats were presented for management of impalement injuries sustained following falls from second storey windows onto spiked metal railings. Two cats presented with penetrating thoracic wounds and extensive pulmonary parenchymal trauma, while one presented with abdominal impalement and splenic rupture. Following stabillsation, all three cats underwent exploratory surgery. A good outcome was achieved in two of the cats: one with thoracic and one with abdominal penetration. Impalement injury secondary to free fall is a previously unreported variation of 'high rise syndrome' in cats.},
	Affiliation = {Easter Bush Vet Ctr, Royal Dick Sch Vet Studies, Dept Vet Clin Studies, Roslin EH25 9RG, Midlothian, Scotland},
	Author = {KM Pratschke and BM Kirby},
	Date-Added = {2010-07-25 13:01:01 -0700},
	Date-Modified = {2011-02-06 12:52:44 -0800},
	Journal = {Journal of Small Animal Practice},
	Keywords = {Free-Fall Injury},
	Language = {English},
	Month = {Jan},
	Number = {6},
	Pages = {261--264},
	Pmid = {000176069700005},
	Rating = {0},
	Title = {High rise syndrome with impalement in three cats},
	Uri = {papers://7745578F-AF22-43C6-9381-71DCABA46510/Paper/p7820},
	Volume = {43},
	Year = {2002}}

@article{Bertocci:2004,
	Abstract = {Objective: The objectives of our study were to assess biomechanics associated with feet-first free falls in 3-year-old children and to investigate the influence of impact surface type and fall height on key biomechanical },
	Author = {G Bertocci and M Pierce and E Deemer and F Aguel},
	Date-Added = {2008-01-25 14:20:43 -0800},
	Date-Modified = {2011-02-06 12:52:44 -0800},
	Journal = {Injury},
	Local-Url = {file://localhost/Users/dennisevangelista/Documents/Papers/2004/Bertocci/Injury%202004%20Bertocci.pdf},
	Month = {Jan},
	Pmid = {4656209681610527487related:_1IhKAkunkAJ},
	Rating = {3},
	Title = {Influence of fall height and impact surface on biomechanics of feet-first free falls in children},
	Uri = {papers://7745578F-AF22-43C6-9381-71DCABA46510/Paper/p2524},
	Url = {http://linkinghub.elsevier.com/retrieve/pii/S0020138303000627},
	Year = {2004},
	Bdsk-File-1 = {YnBsaXN0MDDUAQIDBAUIJidUJHRvcFgkb2JqZWN0c1gkdmVyc2lvblkkYXJjaGl2ZXLRBgdUcm9vdIABqAkKFRYXGyIjVSRudWxs0wsMDQ4RFFpOUy5vYmplY3RzV05TLmtleXNWJGNsYXNzog8QgASABqISE4ACgAOAB1lhbGlhc0RhdGFccmVsYXRpdmVQYXRo0hgNGRpXTlMuZGF0YU8RAg4AAAAAAg4AAgAADE1hY2ludG9zaCBIRAAAAAAAAAAAAAAAAAAAAMNhm/VIKwAAEzT0IxhJbmp1cnkgMjAwNCBCZXJ0b2NjaS5wZGYAAAAAAAAAAAAAAAAAAAAAAAAAAAAAAAAAAAAAAAAAAAAAAAAAAAATNPQkw7+ghgAAAAAAAAAAAAMABgAACSAAAAAAAAAAAAAAAAAAAAAIQmVydG9jY2kAEAAIAADDYgx1AAAAEQAIAADDwBEGAAAAAQAcEzT0IxM037cTNN+XEzTfSwAL39oAC9+FAAB5awACAG1NYWNpbnRvc2ggSEQ6VXNlcnM6AGRlbm5pc2V2YW5nZWxpc3RhOgBEb2N1bWVudHM6AFBhcGVyczI6AEFydGljbGVzOgAyMDA0OgBCZXJ0b2NjaToASW5qdXJ5IDIwMDQgQmVydG9jY2kucGRmAAAOADIAGABJAG4AagB1AHIAeQAgADIAMAAwADQAIABCAGUAcgB0AG8AYwBjAGkALgBwAGQAZgAPABoADABNAGEAYwBpAG4AdABvAHMAaAAgAEgARAASAFlVc2Vycy9kZW5uaXNldmFuZ2VsaXN0YS9Eb2N1bWVudHMvUGFwZXJzMi9BcnRpY2xlcy8yMDA0L0JlcnRvY2NpL0luanVyeSAyMDA0IEJlcnRvY2NpLnBkZgAAEwABLwAAFQACABj//wAAgAXSHB0eH1gkY2xhc3Nlc1okY2xhc3NuYW1lox8gIV1OU011dGFibGVEYXRhVk5TRGF0YVhOU09iamVjdF8QSi4uLy4uLy4uL0RvY3VtZW50cy9QYXBlcnMyL0FydGljbGVzLzIwMDQvQmVydG9jY2kvSW5qdXJ5IDIwMDQgQmVydG9jY2kucGRm0hwdJCWiJSFcTlNEaWN0aW9uYXJ5EgABhqBfEA9OU0tleWVkQXJjaGl2ZXIACAARABYAHwAoADIANQA6ADwARQBLAFIAXQBlAGwAbwBxAHMAdgB4AHoAfACGAJMAmACgArICtAK5AsICzQLRAt8C5gLvAzwDQQNEA1EDVgAAAAAAAAIBAAAAAAAAACgAAAAAAAAAAAAAAAAAAANo},
	Bdsk-Url-1 = {http://linkinghub.elsevier.com/retrieve/pii/S0020138303000627}}

@article{Westman:2005,
	Abstract = {Exact risk patterns in skydiving fatalities are not well known, but incomplete world injury data indicate that many are preventable. A comprehensive national material for Sweden of 37 skydiving fatalities 1964--2003 were reviewed to },
	Author = {A Westman and U Bjornstig},
	Date-Added = {2008-02-01 14:34:24 -0800},
	Date-Modified = {2011-02-06 12:52:44 -0800},
	Journal = {Accident Analysis and Prevention},
	Local-Url = {file://localhost/Users/dennisevangelista/Documents/Papers/2005/Westman/Accident%20Analysis%20and%20Prevention%202005%20Westman.pdf},
	Month = {Jan},
	Pmid = {8588210563210483778related:QhhrRAF0L3cJ},
	Rating = {5},
	Title = {Fatalities in Swedish skydiving},
	Uri = {papers://7745578F-AF22-43C6-9381-71DCABA46510/Paper/p2565},
	Url = {http://linkinghub.elsevier.com/retrieve/pii/S0001457505000989},
	Year = {2005},
	Bdsk-File-1 = {YnBsaXN0MDDUAQIDBAUIJidUJHRvcFgkb2JqZWN0c1gkdmVyc2lvblkkYXJjaGl2ZXLRBgdUcm9vdIABqAkKFRYXGyIjVSRudWxs0wsMDQ4RFFpOUy5vYmplY3RzV05TLmtleXNWJGNsYXNzog8QgASABqISE4ACgAOAB1lhbGlhc0RhdGFccmVsYXRpdmVQYXRo0hgNGRpXTlMuZGF0YU8RAl4AAAAAAl4AAgAADE1hY2ludG9zaCBIRAAAAAAAAAAAAAAAAAAAAMNhm/VIKwAAEzT0kR9BY2NpZGVudCBBbmFseXNpcyAjMTMzNEY0OTIucGRmAAAAAAAAAAAAAAAAAAAAAAAAAAAAAAAAAAAAAAAAAAATNPSSw8iXgAAAAAAAAAAAAAMABgAACSAAAAAAAAAAAAAAAAAAAAAHV2VzdG1hbgAAEAAIAADDYgx1AAAAEQAIAADDyQgAAAAAAQAcEzT0kRM038ATNN+XEzTfSwAL39oAC9+FAAB5awACAHNNYWNpbnRvc2ggSEQ6VXNlcnM6AGRlbm5pc2V2YW5nZWxpc3RhOgBEb2N1bWVudHM6AFBhcGVyczI6AEFydGljbGVzOgAyMDA1OgBXZXN0bWFuOgBBY2NpZGVudCBBbmFseXNpcyAjMTMzNEY0OTIucGRmAAAOAGQAMQBBAGMAYwBpAGQAZQBuAHQAIABBAG4AYQBsAHkAcwBpAHMAIABhAG4AZAAgAFAAcgBlAHYAZQBuAHQAaQBvAG4AIAAyADAAMAA1ACAAVwBlAHMAdABtAGEAbgAuAHAAZABmAA8AGgAMAE0AYQBjAGkAbgB0AG8AcwBoACAASABEABIAcVVzZXJzL2Rlbm5pc2V2YW5nZWxpc3RhL0RvY3VtZW50cy9QYXBlcnMyL0FydGljbGVzLzIwMDUvV2VzdG1hbi9BY2NpZGVudCBBbmFseXNpcyBhbmQgUHJldmVudGlvbiAyMDA1IFdlc3RtYW4ucGRmAAATAAEvAAAVAAIAGP//AACABdIcHR4fWCRjbGFzc2VzWiRjbGFzc25hbWWjHyAhXU5TTXV0YWJsZURhdGFWTlNEYXRhWE5TT2JqZWN0XxBiLi4vLi4vLi4vRG9jdW1lbnRzL1BhcGVyczIvQXJ0aWNsZXMvMjAwNS9XZXN0bWFuL0FjY2lkZW50IEFuYWx5c2lzIGFuZCBQcmV2ZW50aW9uIDIwMDUgV2VzdG1hbi5wZGbSHB0kJaIlIVxOU0RpY3Rpb25hcnkSAAGGoF8QD05TS2V5ZWRBcmNoaXZlcgAIABEAFgAfACgAMgA1ADoAPABFAEsAUgBdAGUAbABvAHEAcwB2AHgAegB8AIYAkwCYAKADAgMEAwkDEgMdAyEDLwM2Az8DpAOpA6wDuQO+AAAAAAAAAgEAAAAAAAAAKAAAAAAAAAAAAAAAAAAAA9A=},
	Bdsk-Url-1 = {http://linkinghub.elsevier.com/retrieve/pii/S0001457505000989}}

@article{Andersen:2005,
	Author = {A Andersen and U Pesavento and Wang, Z. J.},
	Date-Added = {2008-08-10 09:43:58 -0700},
	Date-Modified = {2011-02-17 10:56:22 -0800},
	Journal = {J. Fluid Mech.},
	Local-Url = {file://localhost/Users/dennisevangelista/Documents/Papers/2005/Andersen/J.%20Fluid%20Mech.%202005%20Andersen-2.pdf},
	Pages = {91--104},
	Pmid = {2024066739266647816related:CPers_ntFhwJ},
	Rating = {0},
	Title = {Analysis of transitions between fluttering, tumbling and steady descent of falling cards},
	Uri = {papers://7745578F-AF22-43C6-9381-71DCABA46510/Paper/p4805},
	Volume = {541},
	Year = {2005},
	Bdsk-File-1 = {YnBsaXN0MDDUAQIDBAUIJidUJHRvcFgkb2JqZWN0c1gkdmVyc2lvblkkYXJjaGl2ZXLRBgdUcm9vdIABqAkKFRYXGyIjVSRudWxs0wsMDQ4RFFpOUy5vYmplY3RzV05TLmtleXNWJGNsYXNzog8QgASABqISE4ACgAOAB1lhbGlhc0RhdGFccmVsYXRpdmVQYXRo0hgNGRpXTlMuZGF0YU8RAiwAAAAAAiwAAgAADE1hY2ludG9zaCBIRAAAAAAAAAAAAAAAAAAAAMNhm/VIKwAAEzUIOx9KIEZsdWlkIE1lY2ggMjAwNSAjMTMzNTA4NzkucGRmAAAAAAAAAAAAAAAAAAAAAAAAAAAAAAAAAAAAAAAAAAATNQh5xMOw7wAAAAAAAAAAAAMABgAACSAAAAAAAAAAAAAAAAAAAAAIQW5kZXJzZW4AEAAIAADDYgx1AAAAEQAIAADExBNfAAAAAQAcEzUIOxM038ATNN+XEzTfSwAL39oAC9+FAAB5awACAHRNYWNpbnRvc2ggSEQ6VXNlcnM6AGRlbm5pc2V2YW5nZWxpc3RhOgBEb2N1bWVudHM6AFBhcGVyczI6AEFydGljbGVzOgAyMDA1OgBBbmRlcnNlbjoASiBGbHVpZCBNZWNoIDIwMDUgIzEzMzUwODc5LnBkZgAOAEIAIABKACAARgBsAHUAaQBkACAATQBlAGMAaAAgADIAMAAwADUAIABBAG4AZABlAHIAcwBlAG4ALQAyAC4AcABkAGYADwAaAAwATQBhAGMAaQBuAHQAbwBzAGgAIABIAEQAEgBhVXNlcnMvZGVubmlzZXZhbmdlbGlzdGEvRG9jdW1lbnRzL1BhcGVyczIvQXJ0aWNsZXMvMjAwNS9BbmRlcnNlbi9KIEZsdWlkIE1lY2ggMjAwNSBBbmRlcnNlbi0yLnBkZgAAEwABLwAAFQACABj//wAAgAXSHB0eH1gkY2xhc3Nlc1okY2xhc3NuYW1lox8gIV1OU011dGFibGVEYXRhVk5TRGF0YVhOU09iamVjdF8QUi4uLy4uLy4uL0RvY3VtZW50cy9QYXBlcnMyL0FydGljbGVzLzIwMDUvQW5kZXJzZW4vSiBGbHVpZCBNZWNoIDIwMDUgQW5kZXJzZW4tMi5wZGbSHB0kJaIlIVxOU0RpY3Rpb25hcnkSAAGGoF8QD05TS2V5ZWRBcmNoaXZlcgAIABEAFgAfACgAMgA1ADoAPABFAEsAUgBdAGUAbABvAHEAcwB2AHgAegB8AIYAkwCYAKAC0ALSAtcC4ALrAu8C/QMEAw0DYgNnA2oDdwN8AAAAAAAAAgEAAAAAAAAAKAAAAAAAAAAAAAAAAAAAA44=}}

@article{Vnuk:2004,
	Abstract = {High-rise syndrome was diagnosed in 119 cats over a 4-year period. 59.6% of cats were younger than one year, and the average height of the fall was four stories. High-rise syndrome was more frequent during the warmer period of the year. },
	Author = {D Vnuk and B Pirki{\'c} and D Mati{\v c}i{\'c} and B Radi{\v s}i{\'c}},
	Date-Added = {2008-01-29 13:21:27 -0800},
	Date-Modified = {2011-02-06 12:52:44 -0800},
	Journal = {Journal of Feline Medicine and Surgery},
	Local-Url = {file://localhost/Users/dennisevangelista/Documents/Papers/2004/Vnuk/Journal%20of%20Feline%20Medicine%20and%20Surgery%202004%20Vnuk.pdf},
	Month = {Jan},
	Pmid = {related:WNVt4oQ2bvcJ:scholar.google.com/},
	Rating = {5},
	Title = {Feline high-rise syndrome: 119 cases (1998--2001)},
	Uri = {papers://7745578F-AF22-43C6-9381-71DCABA46510/Paper/p2543},
	Url = {http://linkinghub.elsevier.com/retrieve/pii/S1098612X03001219},
	Year = {2004},
	Bdsk-File-1 = {YnBsaXN0MDDUAQIDBAUIJidUJHRvcFgkb2JqZWN0c1gkdmVyc2lvblkkYXJjaGl2ZXLRBgdUcm9vdIABqAkKFRYXGyIjVSRudWxs0wsMDQ4RFFpOUy5vYmplY3RzV05TLmtleXNWJGNsYXNzog8QgASABqISE4ACgAOAB1lhbGlhc0RhdGFccmVsYXRpdmVQYXRo0hgNGRpXTlMuZGF0YU8RAlwAAAAAAlwAAgAADE1hY2ludG9zaCBIRAAAAAAAAAAAAAAAAAAAAMNhm/VIKwAAEzT0WB9Kb3VybmFsIG9mIEZlbGluZSAjMTMzNEY0NTkucGRmAAAAAAAAAAAAAAAAAAAAAAAAAAAAAAAAAAAAAAAAAAATNPRZw8S/BQAAAAAAAAAAAAMABgAACSAAAAAAAAAAAAAAAAAAAAAEVm51awAQAAgAAMNiDHUAAAARAAgAAMPFL4UAAAABABwTNPRYEzTftxM035cTNN9LAAvf2gAL34UAAHlrAAIAcE1hY2ludG9zaCBIRDpVc2VyczoAZGVubmlzZXZhbmdlbGlzdGE6AERvY3VtZW50czoAUGFwZXJzMjoAQXJ0aWNsZXM6ADIwMDQ6AFZudWs6AEpvdXJuYWwgb2YgRmVsaW5lICMxMzM0RjQ1OS5wZGYADgBqADQASgBvAHUAcgBuAGEAbAAgAG8AZgAgAEYAZQBsAGkAbgBlACAATQBlAGQAaQBjAGkAbgBlACAAYQBuAGQAIABTAHUAcgBnAGUAcgB5ACAAMgAwADAANAAgAFYAbgB1AGsALgBwAGQAZgAPABoADABNAGEAYwBpAG4AdABvAHMAaAAgAEgARAASAHFVc2Vycy9kZW5uaXNldmFuZ2VsaXN0YS9Eb2N1bWVudHMvUGFwZXJzMi9BcnRpY2xlcy8yMDA0L1ZudWsvSm91cm5hbCBvZiBGZWxpbmUgTWVkaWNpbmUgYW5kIFN1cmdlcnkgMjAwNCBWbnVrLnBkZgAAEwABLwAAFQACABj//wAAgAXSHB0eH1gkY2xhc3Nlc1okY2xhc3NuYW1lox8gIV1OU011dGFibGVEYXRhVk5TRGF0YVhOU09iamVjdF8QYi4uLy4uLy4uL0RvY3VtZW50cy9QYXBlcnMyL0FydGljbGVzLzIwMDQvVm51ay9Kb3VybmFsIG9mIEZlbGluZSBNZWRpY2luZSBhbmQgU3VyZ2VyeSAyMDA0IFZudWsucGRm0hwdJCWiJSFcTlNEaWN0aW9uYXJ5EgABhqBfEA9OU0tleWVkQXJjaGl2ZXIACAARABYAHwAoADIANQA6ADwARQBLAFIAXQBlAGwAbwBxAHMAdgB4AHoAfACGAJMAmACgAwADAgMHAxADGwMfAy0DNAM9A6IDpwOqA7cDvAAAAAAAAAIBAAAAAAAAACgAAAAAAAAAAAAAAAAAAAPO},
	Bdsk-Url-1 = {http://linkinghub.elsevier.com/retrieve/pii/S1098612X03001219}}

@article{Barss:1984,
	Abstract = {Falls from trees and other tree related injuries are the most common cause of trauma in some parts of rural Melanesia. A four year review of all admissions for trauma to the Provincial Hospital at Alotau, Milne Bay Province, Papua New Guinea, showed that 27% were due to falls from trees, and a further 10% were due to related injuries, such as being struck by a falling branch or a coconut. A questionnaire distributed to rural health centres showed that during the study period at least 28 villagers died from falls from trees before reaching hospital. Head and chest trauma were common causes of death. Many injured patients were boys. Forearm fractures were the most common injuries, but more serious injuries were also frequently encountered. Trees responsible for most deaths and injuries included the coconut palm, betel palm, mango, and breadfruit. There are many strategies for preventing such injuries; perhaps the most important is to stop small boys climbing tall trees. Such falls are a serious occupational hazard for many subsistence farmers.},
	Author = {P Barss and P Dakulala and M Doolan},
	Date-Added = {2011-01-24 15:36:22 -0800},
	Date-Modified = {2011-02-06 12:52:44 -0800},
	Journal = {Br Med J (Clin Res Ed)},
	Keywords = {Trees, Melanesia, Adolescent, Male, Humans, Wounds and Injuries, Fractures: Bone, Rural Health, Child, Female, Adult, Middle Aged, Child: Preschool},
	Language = {eng},
	Local-Url = {file://localhost/Users/dennisevangelista/Documents/Papers/1984/Barss/Br%20Med%20J%20(Clin%20Res%20Ed)%201984%20Barss.pdf},
	Month = {Jan},
	Number = {6460},
	Pages = {1717--20},
	Pmid = {6440619},
	Rating = {5},
	Title = {Falls from trees and tree associated injuries in rural Melanesians},
	Uri = {papers://7745578F-AF22-43C6-9381-71DCABA46510/Paper/p8376},
	Volume = {289},
	Year = {1984},
	Bdsk-File-1 = {YnBsaXN0MDDUAQIDBAUIJidUJHRvcFgkb2JqZWN0c1gkdmVyc2lvblkkYXJjaGl2ZXLRBgdUcm9vdIABqAkKFRYXGyIjVSRudWxs0wsMDQ4RFFpOUy5vYmplY3RzV05TLmtleXNWJGNsYXNzog8QgASABqISE4ACgAOAB1lhbGlhc0RhdGFccmVsYXRpdmVQYXRo0hgNGRpXTlMuZGF0YU8RAjQAAAAAAjQAAgAADE1hY2ludG9zaCBIRAAAAAAAAAAAAAAAAAAAAMNhm/VIKwAAEzUkrR9CciBNZWQgSiAoQ2xpbiBSZXMjMTMzNTI0QUUucGRmAAAAAAAAAAAAAAAAAAAAAAAAAAAAAAAAAAAAAAAAAAATNSSuySe62gAAAAAAAAAAAAMABgAACSAAAAAAAAAAAAAAAAAAAAAFQmFyc3MAABAACAAAw2IMdQAAABEACAAAySgrWgAAAAEAHBM1JK0TNOGuEzTflxM030sAC9/aAAvfhQAAeWsAAgBxTWFjaW50b3NoIEhEOlVzZXJzOgBkZW5uaXNldmFuZ2VsaXN0YToARG9jdW1lbnRzOgBQYXBlcnMyOgBBcnRpY2xlczoAMTk4NDoAQmFyc3M6AEJyIE1lZCBKIChDbGluIFJlcyMxMzM1MjRBRS5wZGYAAA4ATAAlAEIAcgAgAE0AZQBkACAASgAgACgAQwBsAGkAbgAgAFIAZQBzACAARQBkACkAIAAxADkAOAA0ACAAQgBhAHIAcwBzAC4AcABkAGYADwAaAAwATQBhAGMAaQBuAHQAbwBzAGgAIABIAEQAEgBjVXNlcnMvZGVubmlzZXZhbmdlbGlzdGEvRG9jdW1lbnRzL1BhcGVyczIvQXJ0aWNsZXMvMTk4NC9CYXJzcy9CciBNZWQgSiAoQ2xpbiBSZXMgRWQpIDE5ODQgQmFyc3MucGRmAAATAAEvAAAVAAIAGP//AACABdIcHR4fWCRjbGFzc2VzWiRjbGFzc25hbWWjHyAhXU5TTXV0YWJsZURhdGFWTlNEYXRhWE5TT2JqZWN0XxBULi4vLi4vLi4vRG9jdW1lbnRzL1BhcGVyczIvQXJ0aWNsZXMvMTk4NC9CYXJzcy9CciBNZWQgSiAoQ2xpbiBSZXMgRWQpIDE5ODQgQmFyc3MucGRm0hwdJCWiJSFcTlNEaWN0aW9uYXJ5EgABhqBfEA9OU0tleWVkQXJjaGl2ZXIACAARABYAHwAoADIANQA6ADwARQBLAFIAXQBlAGwAbwBxAHMAdgB4AHoAfACGAJMAmACgAtgC2gLfAugC8wL3AwUDDAMVA2wDcQN0A4EDhgAAAAAAAAIBAAAAAAAAACgAAAAAAAAAAAAAAAAAAAOY}}

@article{Mulford:2001,
	Abstract = {Results: A total of 3.4% of all injuries presenting to the surgical department was related to the coconut palm. Eighty-five patients fell from the coconut palm, 16 patients had a coconut fruit fall on them, three patients had a },
	Author = {J Mulford and H Oberli and S Tovosia},
	Date-Added = {2008-02-02 15:14:52 -0800},
	Date-Modified = {2011-02-06 12:52:44 -0800},
	Journal = {Australian and New Zealand Journal of Surgery},
	Local-Url = {file://localhost/Users/dennisevangelista/Documents/Papers/2001/Mulford/Australian%20and%20New%20Zealand%20Journal%20of%20Surgery%202001%20Mulford-1.pdf},
	Month = {Jan},
	Pmid = {14175243795399789151related:X0pd1SCVuMQJ},
	Rating = {5},
	Title = {Coconut palm-related injuries in the Pacific Islands},
	Uri = {papers://7745578F-AF22-43C6-9381-71DCABA46510/Paper/p2595},
	Url = {http://www.blackwell-synergy.com/doi/abs/10.1046/j.1440-1622.2001.02021.x},
	Year = {2001},
	Bdsk-File-1 = {YnBsaXN0MDDUAQIDBAUIJidUJHRvcFgkb2JqZWN0c1gkdmVyc2lvblkkYXJjaGl2ZXLRBgdUcm9vdIABqAkKFRYXGyIjVSRudWxs0wsMDQ4RFFpOUy5vYmplY3RzV05TLmtleXNWJGNsYXNzog8QgASABqISE4ACgAOAB1lhbGlhc0RhdGFccmVsYXRpdmVQYXRo0hgNGRpXTlMuZGF0YU8RAoQAAAAAAoQAAgAADE1hY2ludG9zaCBIRAAAAAAAAAAAAAAAAAAAAMNhm/VIKwAAEzT00x9BdXN0cmFsaWFuIGFuZCBOZXcjMTMzNEY0RDQucGRmAAAAAAAAAAAAAAAAAAAAAAAAAAAAAAAAAAAAAAAAAAATNPTUw8owIgAAAAAAAAAAAAMABgAACSAAAAAAAAAAAAAAAAAAAAAHTXVsZm9yZAAAEAAIAADDYgx1AAAAEQAIAADDyqCiAAAAAQAcEzT00xM0368TNN+XEzTfSwAL39oAC9+FAAB5awACAHNNYWNpbnRvc2ggSEQ6VXNlcnM6AGRlbm5pc2V2YW5nZWxpc3RhOgBEb2N1bWVudHM6AFBhcGVyczI6AEFydGljbGVzOgAyMDAxOgBNdWxmb3JkOgBBdXN0cmFsaWFuIGFuZCBOZXcjMTMzNEY0RDQucGRmAAAOAH4APgBBAHUAcwB0AHIAYQBsAGkAYQBuACAAYQBuAGQAIABOAGUAdwAgAFoAZQBhAGwAYQBuAGQAIABKAG8AdQByAG4AYQBsACAAbwBmACAAUwB1AHIAZwBlAHIAeQAgADIAMAAwADEAIABNAHUAbABmAG8AcgBkAC4AcABkAGYADwAaAAwATQBhAGMAaQBuAHQAbwBzAGgAIABIAEQAEgB+VXNlcnMvZGVubmlzZXZhbmdlbGlzdGEvRG9jdW1lbnRzL1BhcGVyczIvQXJ0aWNsZXMvMjAwMS9NdWxmb3JkL0F1c3RyYWxpYW4gYW5kIE5ldyBaZWFsYW5kIEpvdXJuYWwgb2YgU3VyZ2VyeSAyMDAxIE11bGZvcmQucGRmABMAAS8AABUAAgAY//8AAIAF0hwdHh9YJGNsYXNzZXNaJGNsYXNzbmFtZaMfICFdTlNNdXRhYmxlRGF0YVZOU0RhdGFYTlNPYmplY3RfEG8uLi8uLi8uLi9Eb2N1bWVudHMvUGFwZXJzMi9BcnRpY2xlcy8yMDAxL011bGZvcmQvQXVzdHJhbGlhbiBhbmQgTmV3IFplYWxhbmQgSm91cm5hbCBvZiBTdXJnZXJ5IDIwMDEgTXVsZm9yZC5wZGbSHB0kJaIlIVxOU0RpY3Rpb25hcnkSAAGGoF8QD05TS2V5ZWRBcmNoaXZlcgAIABEAFgAfACgAMgA1ADoAPABFAEsAUgBdAGUAbABvAHEAcwB2AHgAegB8AIYAkwCYAKADKAMqAy8DOANDA0cDVQNcA2UD1wPcA98D7APxAAAAAAAAAgEAAAAAAAAAKAAAAAAAAAAAAAAAAAAABAM=},
	Bdsk-Url-1 = {http://www.blackwell-synergy.com/doi/abs/10.1046/j.1440-1622.2001.02021.x}}

@article{Pratschke:2002,
	Abstract = { one with thoracic and one with abdominal penetration. Impalement injury secondary to free fall is a previously unreported variation of '   '  . High rise syndrome with impalement in three cats JOURNAL OF SMALL ANIMAL PRACTICE * VOL 43 * JUNE 2002 },
	Author = {K Pratschke and B Kirby},
	Date-Added = {2010-07-25 12:59:55 -0700},
	Date-Modified = {2011-02-06 12:52:44 -0800},
	Journal = {Journal of Small Animal Practice},
	Month = {Jan},
	Pmid = {related:EZiYomurXPoJ},
	Rating = {0},
	Title = {High rise syndrome with impalement in three cats},
	Uri = {papers://7745578F-AF22-43C6-9381-71DCABA46510/Paper/p7816},
	Url = {http://www3.interscience.wiley.com/journal/118944039/abstract},
	Year = {2002},
	Bdsk-Url-1 = {http://www3.interscience.wiley.com/journal/118944039/abstract}}

@article{Haven:2000a,
	Author = {H De Haven},
	Date-Added = {2010-07-15 12:08:29 -0700},
	Date-Modified = {2011-02-06 12:52:44 -0800},
	Journal = {Inj Prev},
	Keywords = {Female, Survival Analysis, Gravitation, Male, Accidental Falls, Adult, Wounds and Injuries, Humans, History: 20th Century},
	Language = {eng},
	Local-Url = {file://localhost/Users/dennisevangelista/Documents/Papers/2000/De%20Haven/Inj%20Prev%202000%20De%20Haven.pdf},
	Month = {Mar},
	Number = {1},
	Pages = {62--8},
	Pmid = {10728546},
	Rating = {0},
	Title = {Mechanical analysis of survival in falls from heights of fifty to one hundred and fifty feet. 1942},
	Uri = {papers://7745578F-AF22-43C6-9381-71DCABA46510/Paper/p7759},
	Volume = {6},
	Year = {2000},
	Bdsk-File-1 = {YnBsaXN0MDDUAQIDBAUIJidUJHRvcFgkb2JqZWN0c1gkdmVyc2lvblkkYXJjaGl2ZXLRBgdUcm9vdIABqAkKFRYXGyIjVSRudWxs0wsMDQ4RFFpOUy5vYmplY3RzV05TLmtleXNWJGNsYXNzog8QgASABqISE4ACgAOAB1lhbGlhc0RhdGFccmVsYXRpdmVQYXRo0hgNGRpXTlMuZGF0YU8RAhYAAAAAAhYAAgAADE1hY2ludG9zaCBIRAAAAAAAAAAAAAAAAAAAAMNhm/VIKwAAEzT16RpJbmogUHJldiAyMDAwIERlIEhhdmVuLnBkZgAAAAAAAAAAAAAAAAAAAAAAAAAAAAAAAAAAAAAAAAAAAAAAAAATNSBiyFyxGAAAAAAAAAAAAAMABgAACSAAAAAAAAAAAAAAAAAAAAAIRGUgSGF2ZW4AEAAIAADDYgx1AAAAEQAIAADIXROIAAAAAQAcEzT16RM04T4TNN+XEzTfSwAL39oAC9+FAAB5awACAG9NYWNpbnRvc2ggSEQ6VXNlcnM6AGRlbm5pc2V2YW5nZWxpc3RhOgBEb2N1bWVudHM6AFBhcGVyczI6AEFydGljbGVzOgAyMDAwOgBEZSBIYXZlbjoASW5qIFByZXYgMjAwMCBEZSBIYXZlbi5wZGYAAA4ANgAaAEkAbgBqACAAUAByAGUAdgAgADIAMAAwADAAIABEAGUAIABIAGEAdgBlAG4ALgBwAGQAZgAPABoADABNAGEAYwBpAG4AdABvAHMAaAAgAEgARAASAFtVc2Vycy9kZW5uaXNldmFuZ2VsaXN0YS9Eb2N1bWVudHMvUGFwZXJzMi9BcnRpY2xlcy8yMDAwL0RlIEhhdmVuL0luaiBQcmV2IDIwMDAgRGUgSGF2ZW4ucGRmAAATAAEvAAAVAAIAGP//AACABdIcHR4fWCRjbGFzc2VzWiRjbGFzc25hbWWjHyAhXU5TTXV0YWJsZURhdGFWTlNEYXRhWE5TT2JqZWN0XxBMLi4vLi4vLi4vRG9jdW1lbnRzL1BhcGVyczIvQXJ0aWNsZXMvMjAwMC9EZSBIYXZlbi9JbmogUHJldiAyMDAwIERlIEhhdmVuLnBkZtIcHSQloiUhXE5TRGljdGlvbmFyeRIAAYagXxAPTlNLZXllZEFyY2hpdmVyAAgAEQAWAB8AKAAyADUAOgA8AEUASwBSAF0AZQBsAG8AcQBzAHYAeAB6AHwAhgCTAJgAoAK6ArwCwQLKAtUC2QLnAu4C9wNGA0sDTgNbA2AAAAAAAAACAQAAAAAAAAAoAAAAAAAAAAAAAAAAAAADcg==}}

@article{Risser:1996,
	Author = {Daniele Risser and Anneliese Bonsch and Barbara Schneider and Georg Bauer},
	Date-Added = {2008-02-01 14:34:30 -0800},
	Date-Modified = {2011-02-06 12:52:44 -0800},
	Journal = {Forensic Science International},
	Local-Url = {file://localhost/Users/dennisevangelista/Documents/Papers/1996/Risser/Forensic%20Science%20International%201996%20Risser.pdf},
	Month = {Jan},
	Pages = {187--191},
	Pii = {0379-0738(95)01885-9},
	Rating = {4},
	Title = {Risk of dying after a free fall from height},
	Uri = {papers://7745578F-AF22-43C6-9381-71DCABA46510/Paper/p2559},
	Volume = {78},
	Year = {1996},
	Bdsk-File-1 = {YnBsaXN0MDDUAQIDBAUIJidUJHRvcFgkb2JqZWN0c1gkdmVyc2lvblkkYXJjaGl2ZXLRBgdUcm9vdIABqAkKFRYXGyIjVSRudWxs0wsMDQ4RFFpOUy5vYmplY3RzV05TLmtleXNWJGNsYXNzog8QgASABqISE4ACgAOAB1lhbGlhc0RhdGFccmVsYXRpdmVQYXRo0hgNGRpXTlMuZGF0YU8RAlAAAAAAAlAAAgAADE1hY2ludG9zaCBIRAAAAAAAAAAAAAAAAAAAAMNhm/VIKwAAEzT0gh9Gb3JlbnNpYyBTY2llbmNlIEkjMTMzNEY0ODMucGRmAAAAAAAAAAAAAAAAAAAAAAAAAAAAAAAAAAAAAAAAAAATNPSDw8jX1wAAAAAAAAAAAAMABgAACSAAAAAAAAAAAAAAAAAAAAAGUmlzc2VyABAACAAAw2IMdQAAABEACAAAw8lIVwAAAAEAHBM09IITNN/HEzTflxM030sAC9/aAAvfhQAAeWsAAgByTWFjaW50b3NoIEhEOlVzZXJzOgBkZW5uaXNldmFuZ2VsaXN0YToARG9jdW1lbnRzOgBQYXBlcnMyOgBBcnRpY2xlczoAMTk5NjoAUmlzc2VyOgBGb3JlbnNpYyBTY2llbmNlIEkjMTMzNEY0ODMucGRmAA4AXgAuAEYAbwByAGUAbgBzAGkAYwAgAFMAYwBpAGUAbgBjAGUAIABJAG4AdABlAHIAbgBhAHQAaQBvAG4AYQBsACAAMQA5ADkANgAgAFIAaQBzAHMAZQByAC4AcABkAGYADwAaAAwATQBhAGMAaQBuAHQAbwBzAGgAIABIAEQAEgBtVXNlcnMvZGVubmlzZXZhbmdlbGlzdGEvRG9jdW1lbnRzL1BhcGVyczIvQXJ0aWNsZXMvMTk5Ni9SaXNzZXIvRm9yZW5zaWMgU2NpZW5jZSBJbnRlcm5hdGlvbmFsIDE5OTYgUmlzc2VyLnBkZgAAEwABLwAAFQACABj//wAAgAXSHB0eH1gkY2xhc3Nlc1okY2xhc3NuYW1lox8gIV1OU011dGFibGVEYXRhVk5TRGF0YVhOU09iamVjdF8QXi4uLy4uLy4uL0RvY3VtZW50cy9QYXBlcnMyL0FydGljbGVzLzE5OTYvUmlzc2VyL0ZvcmVuc2ljIFNjaWVuY2UgSW50ZXJuYXRpb25hbCAxOTk2IFJpc3Nlci5wZGbSHB0kJaIlIVxOU0RpY3Rpb25hcnkSAAGGoF8QD05TS2V5ZWRBcmNoaXZlcgAIABEAFgAfACgAMgA1ADoAPABFAEsAUgBdAGUAbABvAHEAcwB2AHgAegB8AIYAkwCYAKAC9AL2AvsDBAMPAxMDIQMoAzEDkgOXA5oDpwOsAAAAAAAAAgEAAAAAAAAAKAAAAAAAAAAAAAAAAAAAA74=}}

@article{Moniuszko:2010,
	Abstract = {Based on a model of a parachute jumper, for various body configurations in a sitting position, tests were carried out in an aero- dynamic tunnel. Aerodynamic characteristics and dimensionless aerodynamic forces' coefficients were calculated. The tests were carried ...},
	Author = {Justyna Moniuszko and Jerzy Maryniak and Edyta Ladyzynska-Kozdras},
	Date-Added = {2011-01-24 15:36:32 -0800},
	Date-Modified = {2011-02-06 12:52:44 -0800},
	Journal = {Acta of Bioengineering and Biomechanics},
	Local-Url = {file://localhost/Users/dennisevangelista/Documents/Papers/2010/Moniuszko/Acta%20of%20Bioengineering%20and%20Biomechanics%202010%20Moniuszko.pdf},
	Number = {3},
	Pages = {29--39},
	Rating = {5},
	Title = {Modelling dynamics and aerodynamic tests of a sport parachute jumper during flight in sitfly position},
	Uri = {papers://7745578F-AF22-43C6-9381-71DCABA46510/Paper/p8377},
	Url = {http://www.actabio.pwr.wroc.pl/Vol12No3/4.pdf},
	Volume = {12},
	Year = {2010},
	Bdsk-File-1 = {YnBsaXN0MDDUAQIDBAUIJidUJHRvcFgkb2JqZWN0c1gkdmVyc2lvblkkYXJjaGl2ZXLRBgdUcm9vdIABqAkKFRYXGyIjVSRudWxs0wsMDQ4RFFpOUy5vYmplY3RzV05TLmtleXNWJGNsYXNzog8QgASABqISE4ACgAOAB1lhbGlhc0RhdGFccmVsYXRpdmVQYXRo0hgNGRpXTlMuZGF0YU8RAn4AAAAAAn4AAgAADE1hY2ludG9zaCBIRAAAAAAAAAAAAAAAAAAAAMNhm/VIKwAAEzUksB9BY3RhIG9mIEJpb2VuZ2luZWUjMTMzNTI0QjEucGRmAAAAAAAAAAAAAAAAAAAAAAAAAAAAAAAAAAAAAAAAAAATNSSxyV9PfQAAAAAAAAAAAAMABgAACSAAAAAAAAAAAAAAAAAAAAAJTW9uaXVzemtvAAAQAAgAAMNiDHUAAAARAAgAAMlfv/0AAAABABwTNSSwEzUWjBM035cTNN9LAAvf2gAL34UAAHlrAAIAdU1hY2ludG9zaCBIRDpVc2VyczoAZGVubmlzZXZhbmdlbGlzdGE6AERvY3VtZW50czoAUGFwZXJzMjoAQXJ0aWNsZXM6ADIwMTA6AE1vbml1c3prbzoAQWN0YSBvZiBCaW9lbmdpbmVlIzEzMzUyNEIxLnBkZgAADgB2ADoAQQBjAHQAYQAgAG8AZgAgAEIAaQBvAGUAbgBnAGkAbgBlAGUAcgBpAG4AZwAgAGEAbgBkACAAQgBpAG8AbQBlAGMAaABhAG4AaQBjAHMAIAAyADAAMQAwACAATQBvAG4AaQB1AHMAegBrAG8ALgBwAGQAZgAPABoADABNAGEAYwBpAG4AdABvAHMAaAAgAEgARAASAHxVc2Vycy9kZW5uaXNldmFuZ2VsaXN0YS9Eb2N1bWVudHMvUGFwZXJzMi9BcnRpY2xlcy8yMDEwL01vbml1c3prby9BY3RhIG9mIEJpb2VuZ2luZWVyaW5nIGFuZCBCaW9tZWNoYW5pY3MgMjAxMCBNb25pdXN6a28ucGRmABMAAS8AABUAAgAY//8AAIAF0hwdHh9YJGNsYXNzZXNaJGNsYXNzbmFtZaMfICFdTlNNdXRhYmxlRGF0YVZOU0RhdGFYTlNPYmplY3RfEG0uLi8uLi8uLi9Eb2N1bWVudHMvUGFwZXJzMi9BcnRpY2xlcy8yMDEwL01vbml1c3prby9BY3RhIG9mIEJpb2VuZ2luZWVyaW5nIGFuZCBCaW9tZWNoYW5pY3MgMjAxMCBNb25pdXN6a28ucGRm0hwdJCWiJSFcTlNEaWN0aW9uYXJ5EgABhqBfEA9OU0tleWVkQXJjaGl2ZXIACAARABYAHwAoADIANQA6ADwARQBLAFIAXQBlAGwAbwBxAHMAdgB4AHoAfACGAJMAmACgAyIDJAMpAzIDPQNBA08DVgNfA88D1APXA+QD6QAAAAAAAAIBAAAAAAAAACgAAAAAAAAAAAAAAAAAAAP7},
	Bdsk-Url-1 = {http://www.actabio.pwr.wroc.pl/Vol12No3/4.pdf}}

@article{Westman:2007,
	Abstract = {ovid_logo. Search: Advanced Search. Ovid News. Learn about Ovid's new research content and products. Ovid Events. Check out where Ovid is across the globe at industry conferences and events worldwide. },
	Author = {A Westman and U Bjornstig},
	Date-Added = {2008-01-25 13:58:48 -0800},
	Date-Modified = {2011-02-06 12:52:44 -0800},
	Journal = {BRITISH JOURNAL OF SPORTS MEDICINE},
	Local-Url = {file://localhost/Users/dennisevangelista/Documents/Papers/2007/Westman/BRITISH%20JOURNAL%20OF%20SPORTS%20MEDICINE%202007%20Westman.pdf},
	Month = {Jan},
	Pmid = {related:THVZUosGqUcJ:scholar.google.com/},
	Rating = {5},
	Title = {Injuries in Swedish skydiving.},
	Uri = {papers://7745578F-AF22-43C6-9381-71DCABA46510/Paper/p2519},
	Url = {http://pt.wkhealth.com/pt/re/bjsm/fulltext.00002412-200706000-00007.htm},
	Year = {2007},
	Bdsk-File-1 = {YnBsaXN0MDDUAQIDBAUIJidUJHRvcFgkb2JqZWN0c1gkdmVyc2lvblkkYXJjaGl2ZXLRBgdUcm9vdIABqAkKFRYXGyIjVSRudWxs0wsMDQ4RFFpOUy5vYmplY3RzV05TLmtleXNWJGNsYXNzog8QgASABqISE4ACgAOAB1lhbGlhc0RhdGFccmVsYXRpdmVQYXRo0hgNGRpXTlMuZGF0YU8RAmQAAAAAAmQAAgAADE1hY2ludG9zaCBIRAAAAAAAAAAAAAAAAAAAAMNhm/VIKwAAEzT0FB9CUklUSVNIIEpPVVJOQUwgT0YjMTMzNEY0MTUucGRmAAAAAAAAAAAAAAAAAAAAAAAAAAAAAAAAAAAAAAAAAAATNPQVw7+YmAAAAAAAAAAAAAMABgAACSAAAAAAAAAAAAAAAAAAAAAHV2VzdG1hbgAAEAAIAADDYgx1AAAAEQAIAADDwAkYAAAAAQAcEzT0FBM037MTNN+XEzTfSwAL39oAC9+FAAB5awACAHNNYWNpbnRvc2ggSEQ6VXNlcnM6AGRlbm5pc2V2YW5nZWxpc3RhOgBEb2N1bWVudHM6AFBhcGVyczI6AEFydGljbGVzOgAyMDA3OgBXZXN0bWFuOgBCUklUSVNIIEpPVVJOQUwgT0YjMTMzNEY0MTUucGRmAAAOAGgAMwBCAFIASQBUAEkAUwBIACAASgBPAFUAUgBOAEEATAAgAE8ARgAgAFMAUABPAFIAVABTACAATQBFAEQASQBDAEkATgBFACAAMgAwADAANwAgAFcAZQBzAHQAbQBhAG4ALgBwAGQAZgAPABoADABNAGEAYwBpAG4AdABvAHMAaAAgAEgARAASAHNVc2Vycy9kZW5uaXNldmFuZ2VsaXN0YS9Eb2N1bWVudHMvUGFwZXJzMi9BcnRpY2xlcy8yMDA3L1dlc3RtYW4vQlJJVElTSCBKT1VSTkFMIE9GIFNQT1JUUyBNRURJQ0lORSAyMDA3IFdlc3RtYW4ucGRmAAATAAEvAAAVAAIAGP//AACABdIcHR4fWCRjbGFzc2VzWiRjbGFzc25hbWWjHyAhXU5TTXV0YWJsZURhdGFWTlNEYXRhWE5TT2JqZWN0XxBkLi4vLi4vLi4vRG9jdW1lbnRzL1BhcGVyczIvQXJ0aWNsZXMvMjAwNy9XZXN0bWFuL0JSSVRJU0ggSk9VUk5BTCBPRiBTUE9SVFMgTUVESUNJTkUgMjAwNyBXZXN0bWFuLnBkZtIcHSQloiUhXE5TRGljdGlvbmFyeRIAAYagXxAPTlNLZXllZEFyY2hpdmVyAAgAEQAWAB8AKAAyADUAOgA8AEUASwBSAF0AZQBsAG8AcQBzAHYAeAB6AHwAhgCTAJgAoAMIAwoDDwMYAyMDJwM1AzwDRQOsA7EDtAPBA8YAAAAAAAACAQAAAAAAAAAoAAAAAAAAAAAAAAAAAAAD2A==},
	Bdsk-Url-1 = {http://pt.wkhealth.com/pt/re/bjsm/fulltext.00002412-200706000-00007.htm}}

@article{Aoyama:2010,
	Author = {Ayako Aoyama and Motomu Nakashima},
	Date-Added = {2010-10-05 14:40:29 -0700},
	Date-Modified = {2011-02-06 12:52:44 -0800},
	Local-Url = {file://localhost/Users/dennisevangelista/Documents/Papers/2010/Aoyama/2010%20Aoyama.pdf},
	Month = {Apr},
	Pages = {1--6},
	Rating = {5},
	Title = {Simulation analysis of maneuver in skydiving},
	Uri = {papers://7745578F-AF22-43C6-9381-71DCABA46510/Paper/p8185},
	Year = {2010},
	Bdsk-File-1 = {YnBsaXN0MDDUAQIDBAUIJidUJHRvcFgkb2JqZWN0c1gkdmVyc2lvblkkYXJjaGl2ZXLRBgdUcm9vdIABqAkKFRYXGyIjVSRudWxs0wsMDQ4RFFpOUy5vYmplY3RzV05TLmtleXNWJGNsYXNzog8QgASABqISE4ACgAOAB1lhbGlhc0RhdGFccmVsYXRpdmVQYXRo0hgNGRpXTlMuZGF0YU8RAeIAAAAAAeIAAgAADE1hY2ludG9zaCBIRAAAAAAAAAAAAAAAAAAAAMNhm/VIKwAAEzUjBQ8yMDEwIEFveWFtYS5wZGYAAAAAAAAAAAAAAAAAAAAAAAAAAAAAAAAAAAAAAAAAAAAAAAAAAAAAAAAAAAAAAAATNSMGyMJdfwAAAAAAAAAAAAMABgAACSAAAAAAAAAAAAAAAAAAAAAGQW95YW1hABAACAAAw2IMdQAAABEACAAAyMK/7wAAAAEAHBM1IwUTNRaMEzTflxM030sAC9/aAAvfhQAAeWsAAgBiTWFjaW50b3NoIEhEOlVzZXJzOgBkZW5uaXNldmFuZ2VsaXN0YToARG9jdW1lbnRzOgBQYXBlcnMyOgBBcnRpY2xlczoAMjAxMDoAQW95YW1hOgAyMDEwIEFveWFtYS5wZGYADgAgAA8AMgAwADEAMAAgAEEAbwB5AGEAbQBhAC4AcABkAGYADwAaAAwATQBhAGMAaQBuAHQAbwBzAGgAIABIAEQAEgBOVXNlcnMvZGVubmlzZXZhbmdlbGlzdGEvRG9jdW1lbnRzL1BhcGVyczIvQXJ0aWNsZXMvMjAxMC9Bb3lhbWEvMjAxMCBBb3lhbWEucGRmABMAAS8AABUAAgAY//8AAIAF0hwdHh9YJGNsYXNzZXNaJGNsYXNzbmFtZaMfICFdTlNNdXRhYmxlRGF0YVZOU0RhdGFYTlNPYmplY3RfED8uLi8uLi8uLi9Eb2N1bWVudHMvUGFwZXJzMi9BcnRpY2xlcy8yMDEwL0FveWFtYS8yMDEwIEFveWFtYS5wZGbSHB0kJaIlIVxOU0RpY3Rpb25hcnkSAAGGoF8QD05TS2V5ZWRBcmNoaXZlcgAIABEAFgAfACgAMgA1ADoAPABFAEsAUgBdAGUAbABvAHEAcwB2AHgAegB8AIYAkwCYAKAChgKIAo0ClgKhAqUCswK6AsMDBQMKAw0DGgMfAAAAAAAAAgEAAAAAAAAAKAAAAAAAAAAAAAAAAAAAAzE=}}

@article{Nakashima:2007,
	Author = {Motomu Nakashima and Yuichi Omoda},
	Date-Added = {2011-02-06 11:08:44 -0800},
	Date-Modified = {2011-02-06 12:52:44 -0800},
	Journal = {Transactions of the Japan Society of Mechanical Engineers},
	Local-Url = {file://localhost/Users/dennisevangelista/Documents/Papers/2007/Nakashima/Transactions%20of%20the%20Japan%20Society%20of%20Mechanical%20Engineers%202007%20Nakashima.pdf},
	Month = {Jan},
	Number = {734},
	Pages = {2010--2017},
	Rating = {0},
	Title = {Development of a simulation method for body behavior in skydiving and analysis of the most stable position},
	Uri = {papers://7745578F-AF22-43C6-9381-71DCABA46510/Paper/p8427},
	Volume = {73},
	Year = {2007},
	Bdsk-File-1 = {YnBsaXN0MDDUAQIDBAUIJidUJHRvcFgkb2JqZWN0c1gkdmVyc2lvblkkYXJjaGl2ZXLRBgdUcm9vdIABqAkKFRYXGyIjVSRudWxs0wsMDQ4RFFpOUy5vYmplY3RzV05TLmtleXNWJGNsYXNzog8QgASABqISE4ACgAOAB1lhbGlhc0RhdGFccmVsYXRpdmVQYXRo0hgNGRpXTlMuZGF0YU8RArQAAAAAArQAAgAADE1hY2ludG9zaCBIRAAAAAAAAAAAAAAAAAAAAMNhm/VIKwAAEzUlKx9UcmFuc2FjdGlvbnMgb2YgdGgjMTMzNTI1MkMucGRmAAAAAAAAAAAAAAAAAAAAAAAAAAAAAAAAAAAAAAAAAAATNSUsyWiNXgAAAAAAAAAAAAMABgAACSAAAAAAAAAAAAAAAAAAAAAJTmFrYXNoaW1hAAAQAAgAAMNiDHUAAAARAAgAAMlo/d4AAAABABwTNSUrEzTfsxM035cTNN9LAAvf2gAL34UAAHlrAAIAdU1hY2ludG9zaCBIRDpVc2VyczoAZGVubmlzZXZhbmdlbGlzdGE6AERvY3VtZW50czoAUGFwZXJzMjoAQXJ0aWNsZXM6ADIwMDc6AE5ha2FzaGltYToAVHJhbnNhY3Rpb25zIG9mIHRoIzEzMzUyNTJDLnBkZgAADgCaAEwAVAByAGEAbgBzAGEAYwB0AGkAbwBuAHMAIABvAGYAIAB0AGgAZQAgAEoAYQBwAGEAbgAgAFMAbwBjAGkAZQB0AHkAIABvAGYAIABNAGUAYwBoAGEAbgBpAGMAYQBsACAARQBuAGcAaQBuAGUAZQByAHMAIAAyADAAMAA3ACAATgBhAGsAYQBzAGgAaQBtAGEALgBwAGQAZgAPABoADABNAGEAYwBpAG4AdABvAHMAaAAgAEgARAASAI5Vc2Vycy9kZW5uaXNldmFuZ2VsaXN0YS9Eb2N1bWVudHMvUGFwZXJzMi9BcnRpY2xlcy8yMDA3L05ha2FzaGltYS9UcmFuc2FjdGlvbnMgb2YgdGhlIEphcGFuIFNvY2lldHkgb2YgTWVjaGFuaWNhbCBFbmdpbmVlcnMgMjAwNyBOYWthc2hpbWEucGRmABMAAS8AABUAAgAY//8AAIAF0hwdHh9YJGNsYXNzZXNaJGNsYXNzbmFtZaMfICFdTlNNdXRhYmxlRGF0YVZOU0RhdGFYTlNPYmplY3RfEH8uLi8uLi8uLi9Eb2N1bWVudHMvUGFwZXJzMi9BcnRpY2xlcy8yMDA3L05ha2FzaGltYS9UcmFuc2FjdGlvbnMgb2YgdGhlIEphcGFuIFNvY2lldHkgb2YgTWVjaGFuaWNhbCBFbmdpbmVlcnMgMjAwNyBOYWthc2hpbWEucGRm0hwdJCWiJSFcTlNEaWN0aW9uYXJ5EgABhqBfEA9OU0tleWVkQXJjaGl2ZXIACAARABYAHwAoADIANQA6ADwARQBLAFIAXQBlAGwAbwBxAHMAdgB4AHoAfACGAJMAmACgA1gDWgNfA2gDcwN3A4UDjAOVBBcEHAQfBCwEMQAAAAAAAAIBAAAAAAAAACgAAAAAAAAAAAAAAAAAAARD}}

@article{Cross:2006,
	Abstract = {Two case studies are presented involving fatal falls of adult females from a height. One involved a launch at low speed from a balcony, and one involved a launch at high speed from the top of a cliff. Crime scene evidence obtained on the balcony itself provided a strong indication of homicide, but subsequent investigation showed that the fall was accidental. No crime scene evidence was obtained for the cliff fall since the fall initially appeared to be just another suicide from a popular suicide spot. Subsequent investigations indicated homicide based on measurements of cliff height, horizontal distance to the impact, and available runup distance, plus measurements of possible run, jump, and throw speeds. It was found that a female weighing 61 kg (134 lb) can be thrown at speeds up to 4.85 m/s by a strong male, more than enough to account for the estimated launch speed (4.5 m/s). Given the available 4.0 m runup distance, it was found that women of better than average rather than elite athletic ability can dive at speeds of about 3.5 m/s or jump feet first at speeds of about 4.0 m/s, both being less than the estimated launch speed. The decedent had no athletic ability and landed head first after falling through a height of 29 m.},
	Affiliation = {Physics Department, University of Sydney, Sydney, NSW 2006, Australia. cross@physics.usyd.edu.au},
	Author = {Rod Cross},
	Date-Added = {2008-01-25 15:14:25 -0800},
	Date-Modified = {2011-02-06 12:52:44 -0800},
	Doi = {10.1111/j.1556-4029.2005.00026.x},
	Journal = {J Forensic Sci},
	Keywords = {Male, Alcoholic Intoxication, Adult, Female, Models: Biological, Ethanol, Homicide, Central Nervous System Depressants, Accidental Falls, Humans, Forensic Medicine},
	Language = {eng},
	Local-Url = {file://localhost/Users/dennisevangelista/Documents/Papers/2006/Cross/J%20Forensic%20Sci%202006%20Cross.pdf},
	Month = {Jan},
	Number = {1},
	Pages = {93--9},
	Pii = {JFO26},
	Pmid = {16423230},
	Rating = {5},
	Title = {Fatal falls from a height: two case studies},
	Uri = {papers://7745578F-AF22-43C6-9381-71DCABA46510/Paper/p2527},
	Volume = {51},
	Year = {2006},
	Bdsk-File-1 = {YnBsaXN0MDDUAQIDBAUIJidUJHRvcFgkb2JqZWN0c1gkdmVyc2lvblkkYXJjaGl2ZXLRBgdUcm9vdIABqAkKFRYXGyIjVSRudWxs0wsMDQ4RFFpOUy5vYmplY3RzV05TLmtleXNWJGNsYXNzog8QgASABqISE4ACgAOAB1lhbGlhc0RhdGFccmVsYXRpdmVQYXRo0hgNGRpXTlMuZGF0YU8RAhoAAAAAAhoAAgAADE1hY2ludG9zaCBIRAAAAAAAAAAAAAAAAAAAAMNhm/VIKwAAEzT0LB1KIEZvcmVuc2ljIFNjaSAyMDA2IENyb3NzLnBkZgAAAAAAAAAAAAAAAAAAAAAAAAAAAAAAAAAAAAAAAAAAAAATNPQtw7+pIAAAAAAAAAAAAAMABgAACSAAAAAAAAAAAAAAAAAAAAAFQ3Jvc3MAABAACAAAw2IMdQAAABEACAAAw8AZoAAAAAEAHBM09CwTNN+oEzTflxM030sAC9/aAAvfhQAAeWsAAgBvTWFjaW50b3NoIEhEOlVzZXJzOgBkZW5uaXNldmFuZ2VsaXN0YToARG9jdW1lbnRzOgBQYXBlcnMyOgBBcnRpY2xlczoAMjAwNjoAQ3Jvc3M6AEogRm9yZW5zaWMgU2NpIDIwMDYgQ3Jvc3MucGRmAAAOADwAHQBKACAARgBvAHIAZQBuAHMAaQBjACAAUwBjAGkAIAAyADAAMAA2ACAAQwByAG8AcwBzAC4AcABkAGYADwAaAAwATQBhAGMAaQBuAHQAbwBzAGgAIABIAEQAEgBbVXNlcnMvZGVubmlzZXZhbmdlbGlzdGEvRG9jdW1lbnRzL1BhcGVyczIvQXJ0aWNsZXMvMjAwNi9Dcm9zcy9KIEZvcmVuc2ljIFNjaSAyMDA2IENyb3NzLnBkZgAAEwABLwAAFQACABj//wAAgAXSHB0eH1gkY2xhc3Nlc1okY2xhc3NuYW1lox8gIV1OU011dGFibGVEYXRhVk5TRGF0YVhOU09iamVjdF8QTC4uLy4uLy4uL0RvY3VtZW50cy9QYXBlcnMyL0FydGljbGVzLzIwMDYvQ3Jvc3MvSiBGb3JlbnNpYyBTY2kgMjAwNiBDcm9zcy5wZGbSHB0kJaIlIVxOU0RpY3Rpb25hcnkSAAGGoF8QD05TS2V5ZWRBcmNoaXZlcgAIABEAFgAfACgAMgA1ADoAPABFAEsAUgBdAGUAbABvAHEAcwB2AHgAegB8AIYAkwCYAKACvgLAAsUCzgLZAt0C6wLyAvsDSgNPA1IDXwNkAAAAAAAAAgEAAAAAAAAAKAAAAAAAAAAAAAAAAAAAA3Y=},
	Bdsk-Url-1 = {http://dx.doi.org/10.1111/j.1556-4029.2005.00026.x}}

@article{Plunkett:2001,
	Abstract = {Physicians disagree on several issues regarding head injury in infants and children, including the potential lethality of a short-distance fall, a lucid interval in an ultimately fatal head injury, and the specificity of retinal hemorrhage for inflicted trauma. There is scant objective evidence to resolve these questions, and more information is needed. The objective of this study was to determine whether there are witnessed or investigated fatal short-distance falls that were concluded to be accidental. The author reviewed the January 1, 1988 through June 30, 1999 United States Consumer Product Safety Commission database for head injury associated with the use of playground equipment. The author obtained and reviewed the primary source data (hospital and emergency medical services' records, law enforcement reports, and coroner or medical examiner records) for all fatalities involving a fall. The results revealed 18 fall-related head injury fatalities in the database. The youngest child was 12 months old, the oldest 13 years. The falls were from 0.6 to 3 meters (2-10 feet). A noncaretaker witnessed 12 of the 18, and 12 had a lucid interval. Four of the six children in whom funduscopic examination was documented in the medical record had bilateral retinal hemorrhage. The author concludes that an infant or child may suffer a fatal head injury from a fall of less than 3 meters (10 feet). The injury may be associated with a lucid interval and bilateral retinal hemorrhage.},
	Affiliation = {Department of Pathology, Regina Medical Center, Hastings, MN 55033, USA. plunkettj@reginamedical.com},
	Author = {J Plunkett},
	Date-Added = {2011-01-24 15:36:20 -0800},
	Date-Modified = {2011-02-06 12:52:44 -0800},
	Journal = {Am J Forensic Med Pathol},
	Keywords = {Forensic Medicine, Child: Preschool, Brain Injuries, Humans, Fatal Outcome, Retinal Hemorrhage, Child, United States, Accidental Falls, Adolescent, Medical Records, Databases: Factual, Infant, Male, Female},
	Language = {eng},
	Local-Url = {file://localhost/Users/dennisevangelista/Documents/Papers/2001/Plunkett/Am%20J%20Forensic%20Med%20Pathol%202001%20Plunkett.pdf},
	Month = {Mar},
	Number = {1},
	Pages = {1--12},
	Pmid = {11444653},
	Rating = {0},
	Title = {Fatal pediatric head injuries caused by short-distance falls},
	Uri = {papers://7745578F-AF22-43C6-9381-71DCABA46510/Paper/p8392},
	Volume = {22},
	Year = {2001},
	Bdsk-File-1 = {YnBsaXN0MDDUAQIDBAUIJidUJHRvcFgkb2JqZWN0c1gkdmVyc2lvblkkYXJjaGl2ZXLRBgdUcm9vdIABqAkKFRYXGyIjVSRudWxs0wsMDQ4RFFpOUy5vYmplY3RzV05TLmtleXNWJGNsYXNzog8QgASABqISE4ACgAOAB1lhbGlhc0RhdGFccmVsYXRpdmVQYXRo0hgNGRpXTlMuZGF0YU8RAkoAAAAAAkoAAgAADE1hY2ludG9zaCBIRAAAAAAAAAAAAAAAAAAAAMNhm/VIKwAAEzUk0x9BbSBKIEZvcmVuc2ljIE1lZCAjMTMzNTI0RDQucGRmAAAAAAAAAAAAAAAAAAAAAAAAAAAAAAAAAAAAAAAAAAATNSTUySe64gAAAAAAAAAAAAMABgAACSAAAAAAAAAAAAAAAAAAAAAIUGx1bmtldHQAEAAIAADDYgx1AAAAEQAIAADJKCtiAAAAAQAcEzUk0xM0368TNN+XEzTfSwAL39oAC9+FAAB5awACAHRNYWNpbnRvc2ggSEQ6VXNlcnM6AGRlbm5pc2V2YW5nZWxpc3RhOgBEb2N1bWVudHM6AFBhcGVyczI6AEFydGljbGVzOgAyMDAxOgBQbHVua2V0dDoAQW0gSiBGb3JlbnNpYyBNZWQgIzEzMzUyNEQ0LnBkZgAOAFYAKgBBAG0AIABKACAARgBvAHIAZQBuAHMAaQBjACAATQBlAGQAIABQAGEAdABoAG8AbAAgADIAMAAwADEAIABQAGwAdQBuAGsAZQB0AHQALgBwAGQAZgAPABoADABNAGEAYwBpAG4AdABvAHMAaAAgAEgARAASAGtVc2Vycy9kZW5uaXNldmFuZ2VsaXN0YS9Eb2N1bWVudHMvUGFwZXJzMi9BcnRpY2xlcy8yMDAxL1BsdW5rZXR0L0FtIEogRm9yZW5zaWMgTWVkIFBhdGhvbCAyMDAxIFBsdW5rZXR0LnBkZgAAEwABLwAAFQACABj//wAAgAXSHB0eH1gkY2xhc3Nlc1okY2xhc3NuYW1lox8gIV1OU011dGFibGVEYXRhVk5TRGF0YVhOU09iamVjdF8QXC4uLy4uLy4uL0RvY3VtZW50cy9QYXBlcnMyL0FydGljbGVzLzIwMDEvUGx1bmtldHQvQW0gSiBGb3JlbnNpYyBNZWQgUGF0aG9sIDIwMDEgUGx1bmtldHQucGRm0hwdJCWiJSFcTlNEaWN0aW9uYXJ5EgABhqBfEA9OU0tleWVkQXJjaGl2ZXIACAARABYAHwAoADIANQA6ADwARQBLAFIAXQBlAGwAbwBxAHMAdgB4AHoAfACGAJMAmACgAu4C8AL1Av4DCQMNAxsDIgMrA4oDjwOSA58DpAAAAAAAAAIBAAAAAAAAACgAAAAAAAAAAAAAAAAAAAO2}}

@article{Schane:1969,
	Author = {William P Schane and Dean C Borgman},
	Date-Added = {2011-01-24 15:36:18 -0800},
	Date-Modified = {2011-02-06 12:52:44 -0800},
	Journal = {US Army Aeromedical Research Laboratory Report No 69-9},
	Local-Url = {file://localhost/Users/dennisevangelista/Documents/Papers/1969/Schane/US%20Army%20Aeromedical%20Research%20Laboratory%20Report%20No%2069-9%201969%20Schane.pdf},
	Month = {Jan},
	Pages = {1--110},
	Rating = {5},
	Title = {Evaluation of the human body as an airfoil},
	Uri = {papers://7745578F-AF22-43C6-9381-71DCABA46510/Paper/p8403},
	Year = {1969},
	Bdsk-File-1 = {YnBsaXN0MDDUAQIDBAUIJidUJHRvcFgkb2JqZWN0c1gkdmVyc2lvblkkYXJjaGl2ZXLRBgdUcm9vdIABqAkKFRYXGyIjVSRudWxs0wsMDQ4RFFpOUy5vYmplY3RzV05TLmtleXNWJGNsYXNzog8QgASABqISE4ACgAOAB1lhbGlhc0RhdGFccmVsYXRpdmVQYXRo0hgNGRpXTlMuZGF0YU8RApgAAAAAApgAAgAADE1hY2ludG9zaCBIRAAAAAAAAAAAAAAAAAAAAMNhm/VIKwAAEzUk7B9VUyBBcm15IEFlcm9tZWRpY2EjMTMzNTI0RUQucGRmAAAAAAAAAAAAAAAAAAAAAAAAAAAAAAAAAAAAAAAAAAATNSTtyV9P8AAAAAAAAAAAAAMABgAACSAAAAAAAAAAAAAAAAAAAAAGU2NoYW5lABAACAAAw2IMdQAAABEACAAAyV/AcAAAAAEAHBM1JOwTNO7gEzTflxM030sAC9/aAAvfhQAAeWsAAgByTWFjaW50b3NoIEhEOlVzZXJzOgBkZW5uaXNldmFuZ2VsaXN0YToARG9jdW1lbnRzOgBQYXBlcnMyOgBBcnRpY2xlczoAMTk2OToAU2NoYW5lOgBVUyBBcm15IEFlcm9tZWRpY2EjMTMzNTI0RUQucGRmAA4AjgBGAFUAUwAgAEEAcgBtAHkAIABBAGUAcgBvAG0AZQBkAGkAYwBhAGwAIABSAGUAcwBlAGEAcgBjAGgAIABMAGEAYgBvAHIAYQB0AG8AcgB5ACAAUgBlAHAAbwByAHQAIABOAG8AIAA2ADkALQA5ACAAMQA5ADYAOQAgAFMAYwBoAGEAbgBlAC4AcABkAGYADwAaAAwATQBhAGMAaQBuAHQAbwBzAGgAIABIAEQAEgCFVXNlcnMvZGVubmlzZXZhbmdlbGlzdGEvRG9jdW1lbnRzL1BhcGVyczIvQXJ0aWNsZXMvMTk2OS9TY2hhbmUvVVMgQXJteSBBZXJvbWVkaWNhbCBSZXNlYXJjaCBMYWJvcmF0b3J5IFJlcG9ydCBObyA2OS05IDE5NjkgU2NoYW5lLnBkZgAAEwABLwAAFQACABj//wAAgAXSHB0eH1gkY2xhc3Nlc1okY2xhc3NuYW1lox8gIV1OU011dGFibGVEYXRhVk5TRGF0YVhOU09iamVjdF8Qdi4uLy4uLy4uL0RvY3VtZW50cy9QYXBlcnMyL0FydGljbGVzLzE5NjkvU2NoYW5lL1VTIEFybXkgQWVyb21lZGljYWwgUmVzZWFyY2ggTGFib3JhdG9yeSBSZXBvcnQgTm8gNjktOSAxOTY5IFNjaGFuZS5wZGbSHB0kJaIlIVxOU0RpY3Rpb25hcnkSAAGGoF8QD05TS2V5ZWRBcmNoaXZlcgAIABEAFgAfACgAMgA1ADoAPABFAEsAUgBdAGUAbABvAHEAcwB2AHgAegB8AIYAkwCYAKADPAM+A0MDTANXA1sDaQNwA3kD8gP3A/oEBwQMAAAAAAAAAgEAAAAAAAAAKAAAAAAAAAAAAAAAAAAABB4=}}

@article{Bustamante:1968,
	Author = {A C Bustamante},
	Date-Added = {2011-01-24 15:38:32 -0800},
	Date-Modified = {2011-02-17 11:00:01 -0800},
	Journal = {Sandia Laboratories Technical Report SC-RR-68-132},
	Local-Url = {file://localhost/Users/dennisevangelista/Documents/Papers/1968/Bustamante/Sandia%20Laboratories%20Technical%20Report%20SC-RR-68-132%201968%20Bustamante.pdf},
	Month = {Jan},
	Pages = {1--74},
	Rating = {0},
	Title = {Free-fall rotation and aerodynamic motion of rectangular plates},
	Uri = {papers://7745578F-AF22-43C6-9381-71DCABA46510/Paper/p8420},
	Year = {1968},
	Bdsk-File-1 = {YnBsaXN0MDDUAQIDBAUIJidUJHRvcFgkb2JqZWN0c1gkdmVyc2lvblkkYXJjaGl2ZXLRBgdUcm9vdIABqAkKFRYXGyIjVSRudWxs0wsMDQ4RFFpOUy5vYmplY3RzV05TLmtleXNWJGNsYXNzog8QgASABqISE4ACgAOAB1lhbGlhc0RhdGFccmVsYXRpdmVQYXRo0hgNGRpXTlMuZGF0YU8RAqAAAAAAAqAAAgAADE1hY2ludG9zaCBIRAAAAAAAAAAAAAAAAAAAAMNhm/VIKwAAEzUlFx9TYW5kaWEgTGFib3JhdG9yaWUjMTMzNTI1MTgucGRmAAAAAAAAAAAAAAAAAAAAAAAAAAAAAAAAAAAAAAAAAAATNSUYyV9PMQAAAAAAAAAAAAMABgAACSAAAAAAAAAAAAAAAAAAAAAKQnVzdGFtYW50ZQAQAAgAAMNiDHUAAAARAAgAAMlfv7EAAAABABwTNSUXEzTvUhM035cTNN9LAAvf2gAL34UAAHlrAAIAdk1hY2ludG9zaCBIRDpVc2VyczoAZGVubmlzZXZhbmdlbGlzdGE6AERvY3VtZW50czoAUGFwZXJzMjoAQXJ0aWNsZXM6ADE5Njg6AEJ1c3RhbWFudGU6AFNhbmRpYSBMYWJvcmF0b3JpZSMxMzM1MjUxOC5wZGYADgCMAEUAUwBhAG4AZABpAGEAIABMAGEAYgBvAHIAYQB0AG8AcgBpAGUAcwAgAFQAZQBjAGgAbgBpAGMAYQBsACAAUgBlAHAAbwByAHQAIABTAEMALQBSAFIALQA2ADgALQAxADMAMgAgADEAOQA2ADgAIABCAHUAcwB0AGEAbQBhAG4AdABlAC4AcABkAGYADwAaAAwATQBhAGMAaQBuAHQAbwBzAGgAIABIAEQAEgCIVXNlcnMvZGVubmlzZXZhbmdlbGlzdGEvRG9jdW1lbnRzL1BhcGVyczIvQXJ0aWNsZXMvMTk2OC9CdXN0YW1hbnRlL1NhbmRpYSBMYWJvcmF0b3JpZXMgVGVjaG5pY2FsIFJlcG9ydCBTQy1SUi02OC0xMzIgMTk2OCBCdXN0YW1hbnRlLnBkZgATAAEvAAAVAAIAGP//AACABdIcHR4fWCRjbGFzc2VzWiRjbGFzc25hbWWjHyAhXU5TTXV0YWJsZURhdGFWTlNEYXRhWE5TT2JqZWN0XxB5Li4vLi4vLi4vRG9jdW1lbnRzL1BhcGVyczIvQXJ0aWNsZXMvMTk2OC9CdXN0YW1hbnRlL1NhbmRpYSBMYWJvcmF0b3JpZXMgVGVjaG5pY2FsIFJlcG9ydCBTQy1SUi02OC0xMzIgMTk2OCBCdXN0YW1hbnRlLnBkZtIcHSQloiUhXE5TRGljdGlvbmFyeRIAAYagXxAPTlNLZXllZEFyY2hpdmVyAAgAEQAWAB8AKAAyADUAOgA8AEUASwBSAF0AZQBsAG8AcQBzAHYAeAB6AHwAhgCTAJgAoANEA0YDSwNUA18DYwNxA3gDgQP9BAIEBQQSBBcAAAAAAAACAQAAAAAAAAAoAAAAAAAAAAAAAAAAAAAEKQ==}}

@article{Hewlett:1986,
	Author = {Barry S Hewlett and Jan M H van de Koppel and Maria van de Koppel},
	Date-Added = {2011-01-24 15:36:21 -0800},
	Date-Modified = {2011-02-06 12:52:44 -0800},
	Journal = {In African Pygmies,},
	Local-Url = {file://localhost/Users/dennisevangelista/Documents/Papers/1986/Hewlett/In%20African%20Pygmies%20%201986%20Hewlett.pdf},
	Month = {Nov},
	Pages = {45--65},
	Rating = {5},
	Title = {Causes of death among Aka Pygmies of the Central African Republic},
	Uri = {papers://7745578F-AF22-43C6-9381-71DCABA46510/Paper/p8383},
	Year = {1986},
	Bdsk-File-1 = {YnBsaXN0MDDUAQIDBAUIJidUJHRvcFgkb2JqZWN0c1gkdmVyc2lvblkkYXJjaGl2ZXLRBgdUcm9vdIABqAkKFRYXGyIjVSRudWxs0wsMDQ4RFFpOUy5vYmplY3RzV05TLmtleXNWJGNsYXNzog8QgASABqISE4ACgAOAB1lhbGlhc0RhdGFccmVsYXRpdmVQYXRo0hgNGRpXTlMuZGF0YU8RAjQAAAAAAjQAAgAADE1hY2ludG9zaCBIRAAAAAAAAAAAAAAAAAAAAMNhm/VIKwAAEzUkvh9JbiBBZnJpY2FuIFB5Z21pZXMjMTMzNTI0QkYucGRmAAAAAAAAAAAAAAAAAAAAAAAAAAAAAAAAAAAAAAAAAAATNSS/ySfBrwAAAAAAAAAAAAMABgAACSAAAAAAAAAAAAAAAAAAAAAHSGV3bGV0dAAAEAAIAADDYgx1AAAAEQAIAADJKDIvAAAAAQAcEzUkvhM07U0TNN+XEzTfSwAL39oAC9+FAAB5awACAHNNYWNpbnRvc2ggSEQ6VXNlcnM6AGRlbm5pc2V2YW5nZWxpc3RhOgBEb2N1bWVudHM6AFBhcGVyczI6AEFydGljbGVzOgAxOTg2OgBIZXdsZXR0OgBJbiBBZnJpY2FuIFB5Z21pZXMjMTMzNTI0QkYucGRmAAAOAEgAIwBJAG4AIABBAGYAcgBpAGMAYQBuACAAUAB5AGcAbQBpAGUAcwAgADEAOQA4ADYAIABIAGUAdwBsAGUAdAB0AC4AcABkAGYADwAaAAwATQBhAGMAaQBuAHQAbwBzAGgAIABIAEQAEgBjVXNlcnMvZGVubmlzZXZhbmdlbGlzdGEvRG9jdW1lbnRzL1BhcGVyczIvQXJ0aWNsZXMvMTk4Ni9IZXdsZXR0L0luIEFmcmljYW4gUHlnbWllcyAxOTg2IEhld2xldHQucGRmAAATAAEvAAAVAAIAGP//AACABdIcHR4fWCRjbGFzc2VzWiRjbGFzc25hbWWjHyAhXU5TTXV0YWJsZURhdGFWTlNEYXRhWE5TT2JqZWN0XxBULi4vLi4vLi4vRG9jdW1lbnRzL1BhcGVyczIvQXJ0aWNsZXMvMTk4Ni9IZXdsZXR0L0luIEFmcmljYW4gUHlnbWllcyAxOTg2IEhld2xldHQucGRm0hwdJCWiJSFcTlNEaWN0aW9uYXJ5EgABhqBfEA9OU0tleWVkQXJjaGl2ZXIACAARABYAHwAoADIANQA6ADwARQBLAFIAXQBlAGwAbwBxAHMAdgB4AHoAfACGAJMAmACgAtgC2gLfAugC8wL3AwUDDAMVA2wDcQN0A4EDhgAAAAAAAAIBAAAAAAAAACgAAAAAAAAAAAAAAAAAAAOY}}

@article{Atanasijevic:2005,
	Abstract = {The main aim of this study was to examine the correlation between the height of fall and the frequency, extensiveness, and type of injuries of certain body regions and organs. The specific objective was to determine characteristic injuries of the analyzed body regions in relation to the certain height of fall. The study included 660 cases of fatal falls from height (469 males and 191 females). Results support the hypothesis that the frequency and extent of the injured body regions and organs are related to the fall height. Head injuries are characteristic of the falls from heights up to 7 m and beyond 30 m. Brain injuries in high falls from heights beyond 30 m show an absence of contre coup contusions and macroscopically evident intracranial bleeding. The extensiveness of chest injuries is significantly statistically associated with fall height. In cases of high falls, the frequency of abdominal injuries is not significantly statistically related to the height of fall. Liver injuries are the most common abdominal injury and the critical height of fall at which the liver injury occurs is 15 m. Injuries of liver and spleen are concomitant in high falls from heights beyond 24 m, irrespective of the manner of impact. The height of fall over 15 m appears to be a reasonable boundary height beyond which the injuries of two or three body regions are generally associated.},
	Affiliation = {Institute of Forensic Medicine, School of Medicine, 11000 Belgrade, Deligradska 31a, Serbia and Montenegro.},
	Author = {Tatjana C Atanasijevic and Slobodan N Savic and Slobodan D Nikolic and Vesna M Djoki},
	Date-Added = {2010-07-25 13:06:30 -0700},
	Date-Modified = {2011-02-06 12:52:44 -0800},
	Journal = {J Forensic Sci},
	Keywords = {Retrospective Studies, Multiple Trauma, Accidental Falls, Female, Adult, Male, Middle Aged, Medical Records, Yugoslavia, Craniocerebral Trauma, Biomechanics, Aged, Wounds: Nonpenetrating, Models: Theoretical, Autopsy, Humans, Trauma Severity Indices, Aged: 80 and over},
	Language = {eng},
	Month = {May},
	Number = {3},
	Pages = {608--12},
	Pmid = {15932094},
	Rating = {0},
	Title = {Frequency and severity of injuries in correlation with the height of fall},
	Uri = {papers://7745578F-AF22-43C6-9381-71DCABA46510/Paper/p7834},
	Volume = {50},
	Year = {2005}}

@article{Frohlich:1992,
	Author = {C Fr{\"o}hlich},
	Date-Added = {2011-01-24 15:36:20 -0800},
	Date-Modified = {2011-02-06 12:52:44 -0800},
	Journal = {The Physics of sports},
	Local-Url = {file://localhost/Users/dennisevangelista/Documents/Papers/1992/Fr%C3%B6hlich/The%20Physics%20of%20sports%201992%20Fr%C3%B6hlich.pdf},
	Pages = {311},
	Pmid = {10705907996488351395related:o76zuJkGk5QJ},
	Rating = {0},
	Title = {Do springboard divers violate angular momentum conservation?},
	Uri = {papers://7745578F-AF22-43C6-9381-71DCABA46510/Paper/p8370},
	Year = {1992},
	Bdsk-File-1 = {YnBsaXN0MDDUAQIDBAUIJidUJHRvcFgkb2JqZWN0c1gkdmVyc2lvblkkYXJjaGl2ZXLRBgdUcm9vdIABqAkKFRYXGyIjVSRudWxs0wsMDQ4RFFpOUy5vYmplY3RzV05TLmtleXNWJGNsYXNzog8QgASABqISE4ACgAOAB1lhbGlhc0RhdGFccmVsYXRpdmVQYXRo0hgNGRpXTlMuZGF0YU8RAkYAAAAAAkYAAgAADE1hY2ludG9zaCBIRAAAAAAAAAAAAAAAAAAAAMNhm/VIKwAAEzUknx9UaGUgUGh5c2ljcyBvZiBzcG8jMTMzNTI0QTAucGRmAAAAAAAAAAAAAAAAAAAAAAAAAAAAAAAAAAAAAAAAAAATNSSgyV9QHgAAAAAAAAAAAAMABgAACSAAAAAAAAAAAAAAAAAAAAAIRnKaaGxpY2gAEAAIAADDYgx1AAAAEQAIAADJX8CeAAAAAQAcEzUknxM05aMTNN+XEzTfSwAL39oAC9+FAAB5awACAHRNYWNpbnRvc2ggSEQ6VXNlcnM6AGRlbm5pc2V2YW5nZWxpc3RhOgBEb2N1bWVudHM6AFBhcGVyczI6AEFydGljbGVzOgAxOTkyOgBGcppobGljaDoAVGhlIFBoeXNpY3Mgb2Ygc3BvIzEzMzUyNEEwLnBkZgAOAFIAKABUAGgAZQAgAFAAaAB5AHMAaQBjAHMAIABvAGYAIABzAHAAbwByAHQAcwAgADEAOQA5ADIAIABGAHIAbwMIAGgAbABpAGMAaAAuAHAAZABmAA8AGgAMAE0AYQBjAGkAbgB0AG8AcwBoACAASABEABIAbFVzZXJzL2Rlbm5pc2V2YW5nZWxpc3RhL0RvY3VtZW50cy9QYXBlcnMyL0FydGljbGVzLzE5OTIvRnJvzIhobGljaC9UaGUgUGh5c2ljcyBvZiBzcG9ydHMgMTk5MiBGcm/MiGhsaWNoLnBkZgATAAEvAAAVAAIAGP//AACABdIcHR4fWCRjbGFzc2VzWiRjbGFzc25hbWWjHyAhXU5TTXV0YWJsZURhdGFWTlNEYXRhWE5TT2JqZWN0bxBbAC4ALgAvAC4ALgAvAC4ALgAvAEQAbwBjAHUAbQBlAG4AdABzAC8AUABhAHAAZQByAHMAMgAvAEEAcgB0AGkAYwBsAGUAcwAvADEAOQA5ADIALwBGAHIAbwMIAGgAbABpAGMAaAAvAFQAaABlACAAUABoAHkAcwBpAGMAcwAgAG8AZgAgAHMAcABvAHIAdABzACAAMQA5ADkAMgAgAEYAcgBvAwgAaABsAGkAYwBoAC4AcABkAGbSHB0kJaIlIVxOU0RpY3Rpb25hcnkSAAGGoF8QD05TS2V5ZWRBcmNoaXZlcgAIABEAFgAfACgAMgA1ADoAPABFAEsAUgBdAGUAbABvAHEAcwB2AHgAegB8AIYAkwCYAKAC6gLsAvEC+gMFAwkDFwMeAycD4APlA+gD9QP6AAAAAAAAAgEAAAAAAAAAKAAAAAAAAAAAAAAAAAAABAw=}}

@article{Keogh:1996,
	Abstract = {OBJECTIVES: To determine the frequency and geographical distribution of children falling from a height in London and to suggest possible causes and preventative measures. METHODS: All relevant cases attended by the Helicopter Emergency Medical Service (HEMS) in a three and a half year period were reviewed and the locations related to the boroughs. The rates, per 1,000 resident children, were compared with socioeconomic indices for the boroughs concerned. In addition, a survey was undertaken of window fittings and maintenance in high rise flats close to one particular incident. RESULTS: A total of 90 incidents were attended involving 91 patients (64 male, 27 female) of whom five died. HEMS attends approximately one third of incidents involving serious trauma. In the study period the maximum frequency was 0.2 fallers per 1,000 resident children, occurring in three boroughs. In three boroughs there were no fallers. There was no overlap in socioeconomic indices between the five boroughs with the highest fall rates and the five with the lowest. The building survey found a high incidence of faulty window catches, a slow response rate for repair, and a lack of safety advice for residents. CONCLUSIONS: The frequency of falling is related to urban deprivation, poor maintenance, and lack of safety information. A combination of regulation and targeted education could substantially decrease deaths and injuries in children from this cause.},
	Affiliation = {Helicopter Emergency Medical Service, Royal London Hospital, UK.},
	Author = {S Keogh and J S Gray and C J Kirk and T J Coats and A W Wilson},
	Date-Added = {2010-07-25 13:04:30 -0700},
	Date-Modified = {2011-02-06 12:52:44 -0800},
	Journal = {Inj Prev},
	Keywords = {Male, Accidental Falls, London, Child: Preschool, Seasons, Child, Socioeconomic Factors, Female, Humans},
	Language = {eng},
	Month = {Sep},
	Number = {3},
	Pages = {188--91},
	Pmid = {9346088},
	Rating = {0},
	Title = {Children falling from a height in London},
	Uri = {papers://7745578F-AF22-43C6-9381-71DCABA46510/Paper/p7826},
	Volume = {2},
	Year = {1996}}

@article{Kwok:2003,
	Abstract = {Page 1. American Institute of Aeronautics and Astronautics 1 A BIOMECHANICAL STUDY ON THE PARACHUTE LANDING FALL Peter Kwok, Wayne Kong, Kash Kasturi Foster-Miller, Inc. 350 Second Avenue Waltham, MA 02451 },
	Author = {P Kwok and W Kong and K Kasturi and I Foster-Miller and C Lee},
	Date-Added = {2008-03-13 18:11:28 -0700},
	Date-Modified = {2011-02-06 12:52:44 -0800},
	Journal = {17 th AIAA Aerodynamic Decelerator Systems Technology {\ldots}},
	Local-Url = {file://localhost/Users/dennisevangelista/Documents/Papers/2003/Kwok/17%20th%20AIAA%20Aerodynamic%20Decelerator%20Systems%20Technology%20%E2%80%A6%202003%20Kwok.pdf},
	Month = {Jan},
	Pmid = {related:Qo-l7RccbR8J:scholar.google.com/},
	Rating = {5},
	Title = {A BIOMECHANICAL STUDY ON THE PARACHUTE LANDING FALL},
	Uri = {papers://7745578F-AF22-43C6-9381-71DCABA46510/Paper/p2931},
	Url = {http://pdf.aiaa.org/GetFileGoogle.cfm?gID=8373&gTable=Paper},
	Year = {2003},
	Bdsk-File-1 = {YnBsaXN0MDDUAQIDBAUIJidUJHRvcFgkb2JqZWN0c1gkdmVyc2lvblkkYXJjaGl2ZXLRBgdUcm9vdIABqAkKFRYXGyIjVSRudWxs0wsMDQ4RFFpOUy5vYmplY3RzV05TLmtleXNWJGNsYXNzog8QgASABqISE4ACgAOAB1lhbGlhc0RhdGFccmVsYXRpdmVQYXRo0hgNGRpXTlMuZGF0YU8RApAAAAAAApAAAgAADE1hY2ludG9zaCBIRAAAAAAAAAAAAAAAAAAAAMNhm/VIKwAAEzT4Ox8xNyB0aCBBSUFBIEFlcm9keW4jMTMzNEY4M0MucGRmAAAAAAAAAAAAAAAAAAAAAAAAAAAAAAAAAAAAAAAAAAATNPg8w/8K7wAAAAAAAAAAAAMABgAACSAAAAAAAAAAAAAAAAAAAAAES3dvawAQAAgAAMNiDHUAAAARAAgAAMP/bV8AAAABABwTNPg7EzTf0hM035cTNN9LAAvf2gAL34UAAHlrAAIAcE1hY2ludG9zaCBIRDpVc2VyczoAZGVubmlzZXZhbmdlbGlzdGE6AERvY3VtZW50czoAUGFwZXJzMjoAQXJ0aWNsZXM6ADIwMDM6AEt3b2s6ADE3IHRoIEFJQUEgQWVyb2R5biMxMzM0RjgzQy5wZGYADgCMAEUAMQA3ACAAdABoACAAQQBJAEEAQQAgAEEAZQByAG8AZAB5AG4AYQBtAGkAYwAgAEQAZQBjAGUAbABlAHIAYQB0AG8AcgAgAFMAeQBzAHQAZQBtAHMAIABUAGUAYwBoAG4AbwBsAG8AZwB5ACAgJgAgADIAMAAwADMAIABLAHcAbwBrAC4AcABkAGYADwAaAAwATQBhAGMAaQBuAHQAbwBzAGgAIABIAEQAEgCEVXNlcnMvZGVubmlzZXZhbmdlbGlzdGEvRG9jdW1lbnRzL1BhcGVyczIvQXJ0aWNsZXMvMjAwMy9Ld29rLzE3IHRoIEFJQUEgQWVyb2R5bmFtaWMgRGVjZWxlcmF0b3IgU3lzdGVtcyBUZWNobm9sb2d5IOKApiAyMDAzIEt3b2sucGRmABMAAS8AABUAAgAY//8AAIAF0hwdHh9YJGNsYXNzZXNaJGNsYXNzbmFtZaMfICFdTlNNdXRhYmxlRGF0YVZOU0RhdGFYTlNPYmplY3RvEHMALgAuAC8ALgAuAC8ALgAuAC8ARABvAGMAdQBtAGUAbgB0AHMALwBQAGEAcABlAHIAcwAyAC8AQQByAHQAaQBjAGwAZQBzAC8AMgAwADAAMwAvAEsAdwBvAGsALwAxADcAIAB0AGgAIABBAEkAQQBBACAAQQBlAHIAbwBkAHkAbgBhAG0AaQBjACAARABlAGMAZQBsAGUAcgBhAHQAbwByACAAUwB5AHMAdABlAG0AcwAgAFQAZQBjAGgAbgBvAGwAbwBnAHkAICAmACAAMgAwADAAMwAgAEsAdwBvAGsALgBwAGQAZtIcHSQloiUhXE5TRGljdGlvbmFyeRIAAYagXxAPTlNLZXllZEFyY2hpdmVyAAgAEQAWAB8AKAAyADUAOgA8AEUASwBSAF0AZQBsAG8AcQBzAHYAeAB6AHwAhgCTAJgAoAM0AzYDOwNEA08DUwNhA2gDcQRaBF8EYgRvBHQAAAAAAAACAQAAAAAAAAAoAAAAAAAAAAAAAAAAAAAEhg==},
	Bdsk-Url-1 = {http://pdf.aiaa.org/GetFileGoogle.cfm?gID=8373&gTable=Paper}}

@article{Aoyama:2007,
	Author = {Ayako Aoyama and Motomu Nakashima},
	Date-Added = {2011-02-06 11:08:44 -0800},
	Date-Modified = {2011-02-06 12:52:44 -0800},
	Journal = {Transactions of the Japan Society of Mechanical Engineers},
	Local-Url = {file://localhost/Users/dennisevangelista/Documents/Papers/2007/Aoyama/Transactions%20of%20the%20Japan%20Society%20of%20Mechanical%20Engineers%202007%20Aoyama.pdf},
	Month = {Jan},
	Number = {734},
	Pages = {2018--2026},
	Rating = {0},
	Title = {Investigation of stability in skydiving by derivation of state equation for body behavior and root analysis},
	Uri = {papers://7745578F-AF22-43C6-9381-71DCABA46510/Paper/p8426},
	Volume = {73},
	Year = {2007},
	Bdsk-File-1 = {YnBsaXN0MDDUAQIDBAUIJidUJHRvcFgkb2JqZWN0c1gkdmVyc2lvblkkYXJjaGl2ZXLRBgdUcm9vdIABqAkKFRYXGyIjVSRudWxs0wsMDQ4RFFpOUy5vYmplY3RzV05TLmtleXNWJGNsYXNzog8QgASABqISE4ACgAOAB1lhbGlhc0RhdGFccmVsYXRpdmVQYXRo0hgNGRpXTlMuZGF0YU8RAqAAAAAAAqAAAgAADE1hY2ludG9zaCBIRAAAAAAAAAAAAAAAAAAAAMNhm/VIKwAAEzUlKB9UcmFuc2FjdGlvbnMgb2YgdGgjMTMzNTI1MjkucGRmAAAAAAAAAAAAAAAAAAAAAAAAAAAAAAAAAAAAAAAAAAATNSUpyWiNcgAAAAAAAAAAAAMABgAACSAAAAAAAAAAAAAAAAAAAAAGQW95YW1hABAACAAAw2IMdQAAABEACAAAyWj98gAAAAEAHBM1JSgTNN+zEzTflxM030sAC9/aAAvfhQAAeWsAAgByTWFjaW50b3NoIEhEOlVzZXJzOgBkZW5uaXNldmFuZ2VsaXN0YToARG9jdW1lbnRzOgBQYXBlcnMyOgBBcnRpY2xlczoAMjAwNzoAQW95YW1hOgBUcmFuc2FjdGlvbnMgb2YgdGgjMTMzNTI1MjkucGRmAA4AlABJAFQAcgBhAG4AcwBhAGMAdABpAG8AbgBzACAAbwBmACAAdABoAGUAIABKAGEAcABhAG4AIABTAG8AYwBpAGUAdAB5ACAAbwBmACAATQBlAGMAaABhAG4AaQBjAGEAbAAgAEUAbgBnAGkAbgBlAGUAcgBzACAAMgAwADAANwAgAEEAbwB5AGEAbQBhAC4AcABkAGYADwAaAAwATQBhAGMAaQBuAHQAbwBzAGgAIABIAEQAEgCIVXNlcnMvZGVubmlzZXZhbmdlbGlzdGEvRG9jdW1lbnRzL1BhcGVyczIvQXJ0aWNsZXMvMjAwNy9Bb3lhbWEvVHJhbnNhY3Rpb25zIG9mIHRoZSBKYXBhbiBTb2NpZXR5IG9mIE1lY2hhbmljYWwgRW5naW5lZXJzIDIwMDcgQW95YW1hLnBkZgATAAEvAAAVAAIAGP//AACABdIcHR4fWCRjbGFzc2VzWiRjbGFzc25hbWWjHyAhXU5TTXV0YWJsZURhdGFWTlNEYXRhWE5TT2JqZWN0XxB5Li4vLi4vLi4vRG9jdW1lbnRzL1BhcGVyczIvQXJ0aWNsZXMvMjAwNy9Bb3lhbWEvVHJhbnNhY3Rpb25zIG9mIHRoZSBKYXBhbiBTb2NpZXR5IG9mIE1lY2hhbmljYWwgRW5naW5lZXJzIDIwMDcgQW95YW1hLnBkZtIcHSQloiUhXE5TRGljdGlvbmFyeRIAAYagXxAPTlNLZXllZEFyY2hpdmVyAAgAEQAWAB8AKAAyADUAOgA8AEUASwBSAF0AZQBsAG8AcQBzAHYAeAB6AHwAhgCTAJgAoANEA0YDSwNUA18DYwNxA3gDgQP9BAIEBQQSBBcAAAAAAAACAQAAAAAAAAAoAAAAAAAAAAAAAAAAAAAEKQ==}}

@article{Ellitsgaard:1987,
	Author = {N Ellitsgaard},
	Date-Added = {2011-01-24 15:36:22 -0800},
	Date-Modified = {2011-02-06 12:52:44 -0800},
	Doi = {10.1136/bjsm.21.1.13},
	Journal = {British Journal of Sports Medicine},
	Local-Url = {file://localhost/Users/dennisevangelista/Documents/Papers/1987/Ellitsgaard/British%20Journal%20of%20Sports%20Medicine%201987%20Ellitsgaard.pdf},
	Month = {Mar},
	Number = {1},
	Pages = {13--17},
	Rating = {0},
	Title = {Parachuting injuries: a study of 110,000 sports jumps.},
	Uri = {papers://7745578F-AF22-43C6-9381-71DCABA46510/Paper/p8390},
	Volume = {21},
	Year = {1987},
	Bdsk-File-1 = {YnBsaXN0MDDUAQIDBAUIJidUJHRvcFgkb2JqZWN0c1gkdmVyc2lvblkkYXJjaGl2ZXLRBgdUcm9vdIABqAkKFRYXGyIjVSRudWxs0wsMDQ4RFFpOUy5vYmplY3RzV05TLmtleXNWJGNsYXNzog8QgASABqISE4ACgAOAB1lhbGlhc0RhdGFccmVsYXRpdmVQYXRo0hgNGRpXTlMuZGF0YU8RAnwAAAAAAnwAAgAADE1hY2ludG9zaCBIRAAAAAAAAAAAAAAAAAAAAMNhm/VIKwAAEzUkzh9CUklUSVNIIEpPVVJOQUwgT0YjMTMzNTI0Q0YucGRmAAAAAAAAAAAAAAAAAAAAAAAAAAAAAAAAAAAAAAAAAAATNSTPyV9TCQAAAAAAAAAAAAMABgAACSAAAAAAAAAAAAAAAAAAAAALRWxsaXRzZ2FhcmQAABAACAAAw2IMdQAAABEACAAAyV/DiQAAAAEAHBM1JM4TNOAWEzTflxM030sAC9/aAAvfhQAAeWsAAgB3TWFjaW50b3NoIEhEOlVzZXJzOgBkZW5uaXNldmFuZ2VsaXN0YToARG9jdW1lbnRzOgBQYXBlcnMyOgBBcnRpY2xlczoAMTk4NzoARWxsaXRzZ2FhcmQ6AEJSSVRJU0ggSk9VUk5BTCBPRiMxMzM1MjRDRi5wZGYAAA4AcAA3AEIAUgBJAFQASQBTAEgAIABKAE8AVQBSAE4AQQBMACAATwBGACAAUwBQAE8AUgBUAFMAIABNAEUARABJAEMASQBOAEUAIAAxADkAOAA3ACAARQBsAGwAaQB0AHMAZwBhAGEAcgBkAC4AcABkAGYADwAaAAwATQBhAGMAaQBuAHQAbwBzAGgAIABIAEQAEgB7VXNlcnMvZGVubmlzZXZhbmdlbGlzdGEvRG9jdW1lbnRzL1BhcGVyczIvQXJ0aWNsZXMvMTk4Ny9FbGxpdHNnYWFyZC9CUklUSVNIIEpPVVJOQUwgT0YgU1BPUlRTIE1FRElDSU5FIDE5ODcgRWxsaXRzZ2FhcmQucGRmAAATAAEvAAAVAAIAGP//AACABdIcHR4fWCRjbGFzc2VzWiRjbGFzc25hbWWjHyAhXU5TTXV0YWJsZURhdGFWTlNEYXRhWE5TT2JqZWN0XxBsLi4vLi4vLi4vRG9jdW1lbnRzL1BhcGVyczIvQXJ0aWNsZXMvMTk4Ny9FbGxpdHNnYWFyZC9CUklUSVNIIEpPVVJOQUwgT0YgU1BPUlRTIE1FRElDSU5FIDE5ODcgRWxsaXRzZ2FhcmQucGRm0hwdJCWiJSFcTlNEaWN0aW9uYXJ5EgABhqBfEA9OU0tleWVkQXJjaGl2ZXIACAARABYAHwAoADIANQA6ADwARQBLAFIAXQBlAGwAbwBxAHMAdgB4AHoAfACGAJMAmACgAyADIgMnAzADOwM/A00DVANdA8wD0QPUA+ED5gAAAAAAAAIBAAAAAAAAACgAAAAAAAAAAAAAAAAAAAP4},
	Bdsk-Url-1 = {http://dx.doi.org/10.1136/bjsm.21.1.13}}

@article{Britton:2005,
	Abstract = {Falls are the leading cause of unintentional injury in children. Pediatric fall injuries can be grouped into roughly 4 categories: (1) falls while walking or running, (2) falls from heights, (3) falls while participating in recreational activities, and (4) falls during competitive sports activities. Because injury statistics collected by the US Consumer Product Safety Commission are product-related, there is little data on falls from walking or running. Falling down stairs is the most common height-related fall injury, followed by playground-related falls. Bicycle-related injury leads the third category in frequency. Over 30% of parents report that their child has been injured while playing a team sport; although not all sports-related injuries are caused by falling, most result in a fall. Strategies for preventing fall injuries are based on finding risk factors that can be modified; these modifications can be pre-event, event-specific, or post-event. Office-based injury prevention counseling plays an important role in preventing pediatric fall injury.},
	Affiliation = {Department of Pediatrics and Adolescent Medicine, Aurora Sheboygan Clinic, Sheboygan, WI 53081, USA. Jeffrey.W.Britton@aurora.org},
	Author = {Jeffrey W Britton},
	Date-Added = {2011-01-24 15:36:31 -0800},
	Date-Modified = {2011-02-06 12:52:44 -0800},
	Journal = {WMJ},
	Keywords = {Female, Humans, Male, Accidental Falls, Accident Prevention, United States, Child},
	Language = {eng},
	Local-Url = {file://localhost/Users/dennisevangelista/Documents/Papers/2005/Britton/WMJ%202005%20Britton.pdf},
	Month = {Jan},
	Number = {1},
	Pages = {33--6},
	Pmid = {15779722},
	Rating = {0},
	Title = {Kids can't fly: preventing fall injuries in children},
	Uri = {papers://7745578F-AF22-43C6-9381-71DCABA46510/Paper/p8411},
	Volume = {104},
	Year = {2005},
	Bdsk-File-1 = {YnBsaXN0MDDUAQIDBAUIJidUJHRvcFgkb2JqZWN0c1gkdmVyc2lvblkkYXJjaGl2ZXLRBgdUcm9vdIABqAkKFRYXGyIjVSRudWxs0wsMDQ4RFFpOUy5vYmplY3RzV05TLmtleXNWJGNsYXNzog8QgASABqISE4ACgAOAB1lhbGlhc0RhdGFccmVsYXRpdmVQYXRo0hgNGRpXTlMuZGF0YU8RAfoAAAAAAfoAAgAADE1hY2ludG9zaCBIRAAAAAAAAAAAAAAAAAAAAMNhm/VIKwAAEzUlARRXTUogMjAwNSBCcml0dG9uLnBkZgAAAAAAAAAAAAAAAAAAAAAAAAAAAAAAAAAAAAAAAAAAAAAAAAAAAAAAAAATNSUCySe60wAAAAAAAAAAAAMABgAACSAAAAAAAAAAAAAAAAAAAAAHQnJpdHRvbgAAEAAIAADDYgx1AAAAEQAIAADJKCtTAAAAAQAcEzUlARM038ATNN+XEzTfSwAL39oAC9+FAAB5awACAGhNYWNpbnRvc2ggSEQ6VXNlcnM6AGRlbm5pc2V2YW5nZWxpc3RhOgBEb2N1bWVudHM6AFBhcGVyczI6AEFydGljbGVzOgAyMDA1OgBCcml0dG9uOgBXTUogMjAwNSBCcml0dG9uLnBkZgAOACoAFABXAE0ASgAgADIAMAAwADUAIABCAHIAaQB0AHQAbwBuAC4AcABkAGYADwAaAAwATQBhAGMAaQBuAHQAbwBzAGgAIABIAEQAEgBUVXNlcnMvZGVubmlzZXZhbmdlbGlzdGEvRG9jdW1lbnRzL1BhcGVyczIvQXJ0aWNsZXMvMjAwNS9Ccml0dG9uL1dNSiAyMDA1IEJyaXR0b24ucGRmABMAAS8AABUAAgAY//8AAIAF0hwdHh9YJGNsYXNzZXNaJGNsYXNzbmFtZaMfICFdTlNNdXRhYmxlRGF0YVZOU0RhdGFYTlNPYmplY3RfEEUuLi8uLi8uLi9Eb2N1bWVudHMvUGFwZXJzMi9BcnRpY2xlcy8yMDA1L0JyaXR0b24vV01KIDIwMDUgQnJpdHRvbi5wZGbSHB0kJaIlIVxOU0RpY3Rpb25hcnkSAAGGoF8QD05TS2V5ZWRBcmNoaXZlcgAIABEAFgAfACgAMgA1ADoAPABFAEsAUgBdAGUAbABvAHEAcwB2AHgAegB8AIYAkwCYAKACngKgAqUCrgK5Ar0CywLSAtsDIwMoAysDOAM9AAAAAAAAAgEAAAAAAAAAKAAAAAAAAAAAAAAAAAAAA08=}}

@article{Benacka:2010,
	Author = {J Benacka},
	Date-Added = {2011-01-24 15:36:23 -0800},
	Date-Modified = {2011-02-06 12:52:44 -0800},
	Journal = {American Journal of Physics},
	Local-Url = {file://localhost/Users/dennisevangelista/Documents/Papers/2010/Benacka/American%20Journal%20of%20Physics%202010%20Benacka.pdf},
	Pages = {616},
	Pmid = {related:jmmNoMLfzQMJ},
	Rating = {5},
	Title = {High-altitude free fall revised},
	Uri = {papers://7745578F-AF22-43C6-9381-71DCABA46510/Paper/p8382},
	Volume = {78},
	Year = {2010},
	Bdsk-File-1 = {YnBsaXN0MDDUAQIDBAUIJidUJHRvcFgkb2JqZWN0c1gkdmVyc2lvblkkYXJjaGl2ZXLRBgdUcm9vdIABqAkKFRYXGyIjVSRudWxs0wsMDQ4RFFpOUy5vYmplY3RzV05TLmtleXNWJGNsYXNzog8QgASABqISE4ACgAOAB1lhbGlhc0RhdGFccmVsYXRpdmVQYXRo0hgNGRpXTlMuZGF0YU8RAk4AAAAAAk4AAgAADE1hY2ludG9zaCBIRAAAAAAAAAAAAAAAAAAAAMNhm/VIKwAAEzUkux9BbWVyaWNhbiBKb3VybmFsIG8jMTMzNTI0QkMucGRmAAAAAAAAAAAAAAAAAAAAAAAAAAAAAAAAAAAAAAAAAAATNSS8yV9SNwAAAAAAAAAAAAMABgAACSAAAAAAAAAAAAAAAAAAAAAHQmVuYWNrYQAAEAAIAADDYgx1AAAAEQAIAADJX8K3AAAAAQAcEzUkuxM1FowTNN+XEzTfSwAL39oAC9+FAAB5awACAHNNYWNpbnRvc2ggSEQ6VXNlcnM6AGRlbm5pc2V2YW5nZWxpc3RhOgBEb2N1bWVudHM6AFBhcGVyczI6AEFydGljbGVzOgAyMDEwOgBCZW5hY2thOgBBbWVyaWNhbiBKb3VybmFsIG8jMTMzNTI0QkMucGRmAAAOAFoALABBAG0AZQByAGkAYwBhAG4AIABKAG8AdQByAG4AYQBsACAAbwBmACAAUABoAHkAcwBpAGMAcwAgADIAMAAxADAAIABCAGUAbgBhAGMAawBhAC4AcABkAGYADwAaAAwATQBhAGMAaQBuAHQAbwBzAGgAIABIAEQAEgBsVXNlcnMvZGVubmlzZXZhbmdlbGlzdGEvRG9jdW1lbnRzL1BhcGVyczIvQXJ0aWNsZXMvMjAxMC9CZW5hY2thL0FtZXJpY2FuIEpvdXJuYWwgb2YgUGh5c2ljcyAyMDEwIEJlbmFja2EucGRmABMAAS8AABUAAgAY//8AAIAF0hwdHh9YJGNsYXNzZXNaJGNsYXNzbmFtZaMfICFdTlNNdXRhYmxlRGF0YVZOU0RhdGFYTlNPYmplY3RfEF0uLi8uLi8uLi9Eb2N1bWVudHMvUGFwZXJzMi9BcnRpY2xlcy8yMDEwL0JlbmFja2EvQW1lcmljYW4gSm91cm5hbCBvZiBQaHlzaWNzIDIwMTAgQmVuYWNrYS5wZGbSHB0kJaIlIVxOU0RpY3Rpb25hcnkSAAGGoF8QD05TS2V5ZWRBcmNoaXZlcgAIABEAFgAfACgAMgA1ADoAPABFAEsAUgBdAGUAbABvAHEAcwB2AHgAegB8AIYAkwCYAKAC8gL0AvkDAgMNAxEDHwMmAy8DjwOUA5cDpAOpAAAAAAAAAgEAAAAAAAAAKAAAAAAAAAAAAAAAAAAAA7s=}}

@article{Goren:2003,
	Abstract = {Falls from high places, such as from a building, are frequently encountered in suicides, in some accidents, and sometimes in homicides. In this study, we evaluated the demographic data, mortality rates, fall causes, and },
	Author = {S Goren and M Subasi and Y T{\'y}rasci and F Gurkan},
	Date-Added = {2008-01-25 14:20:43 -0800},
	Date-Modified = {2011-02-06 12:52:44 -0800},
	Journal = {Forensic Science International},
	Local-Url = {file://localhost/Users/dennisevangelista/Documents/Papers/2003/Goren/Forensic%20Science%20International%202003%20Goren.pdf},
	Month = {Jan},
	Pmid = {17639882855236778200related:2DjkKf9zzfQJ},
	Rating = {5},
	Title = {Fatal falls from heights in and around Diyarbakir, Turkey},
	Uri = {papers://7745578F-AF22-43C6-9381-71DCABA46510/Paper/p2525},
	Url = {http://linkinghub.elsevier.com/retrieve/pii/S0379073803002858},
	Year = {2003},
	Bdsk-File-1 = {YnBsaXN0MDDUAQIDBAUIJidUJHRvcFgkb2JqZWN0c1gkdmVyc2lvblkkYXJjaGl2ZXLRBgdUcm9vdIABqAkKFRYXGyIjVSRudWxs0wsMDQ4RFFpOUy5vYmplY3RzV05TLmtleXNWJGNsYXNzog8QgASABqISE4ACgAOAB1lhbGlhc0RhdGFccmVsYXRpdmVQYXRo0hgNGRpXTlMuZGF0YU8RAkwAAAAAAkwAAgAADE1hY2ludG9zaCBIRAAAAAAAAAAAAAAAAAAAAMNhm/VIKwAAEzT0Jh9Gb3JlbnNpYyBTY2llbmNlIEkjMTMzNEY0MjcucGRmAAAAAAAAAAAAAAAAAAAAAAAAAAAAAAAAAAAAAAAAAAATNPQnw7+gSwAAAAAAAAAAAAMABgAACSAAAAAAAAAAAAAAAAAAAAAFR29yZW4AABAACAAAw2IMdQAAABEACAAAw8AQywAAAAEAHBM09CYTNN/SEzTflxM030sAC9/aAAvfhQAAeWsAAgBxTWFjaW50b3NoIEhEOlVzZXJzOgBkZW5uaXNldmFuZ2VsaXN0YToARG9jdW1lbnRzOgBQYXBlcnMyOgBBcnRpY2xlczoAMjAwMzoAR29yZW46AEZvcmVuc2ljIFNjaWVuY2UgSSMxMzM0RjQyNy5wZGYAAA4AXAAtAEYAbwByAGUAbgBzAGkAYwAgAFMAYwBpAGUAbgBjAGUAIABJAG4AdABlAHIAbgBhAHQAaQBvAG4AYQBsACAAMgAwADAAMwAgAEcAbwByAGUAbgAuAHAAZABmAA8AGgAMAE0AYQBjAGkAbgB0AG8AcwBoACAASABEABIAa1VzZXJzL2Rlbm5pc2V2YW5nZWxpc3RhL0RvY3VtZW50cy9QYXBlcnMyL0FydGljbGVzLzIwMDMvR29yZW4vRm9yZW5zaWMgU2NpZW5jZSBJbnRlcm5hdGlvbmFsIDIwMDMgR29yZW4ucGRmAAATAAEvAAAVAAIAGP//AACABdIcHR4fWCRjbGFzc2VzWiRjbGFzc25hbWWjHyAhXU5TTXV0YWJsZURhdGFWTlNEYXRhWE5TT2JqZWN0XxBcLi4vLi4vLi4vRG9jdW1lbnRzL1BhcGVyczIvQXJ0aWNsZXMvMjAwMy9Hb3Jlbi9Gb3JlbnNpYyBTY2llbmNlIEludGVybmF0aW9uYWwgMjAwMyBHb3Jlbi5wZGbSHB0kJaIlIVxOU0RpY3Rpb25hcnkSAAGGoF8QD05TS2V5ZWRBcmNoaXZlcgAIABEAFgAfACgAMgA1ADoAPABFAEsAUgBdAGUAbABvAHEAcwB2AHgAegB8AIYAkwCYAKAC8ALyAvcDAAMLAw8DHQMkAy0DjAORA5QDoQOmAAAAAAAAAgEAAAAAAAAAKAAAAAAAAAAAAAAAAAAAA7g=},
	Bdsk-Url-1 = {http://linkinghub.elsevier.com/retrieve/pii/S0379073803002858}}

@article{Gerritsen:1979,
	Abstract = {Page 1. Journal of Engineering Mathematics, Vol. 13, No. 4, October 1979 {\copyright} 1979 Sijthoff {\&} Noordhoff International Publishers - Alphen aan den Rijn Printed in the Netherlands 347 On the angular motion of a freely falling human or },
	Author = {D Gerritsen and M Kuipers},
	Date-Added = {2008-02-01 14:34:30 -0800},
	Date-Modified = {2011-02-06 12:52:44 -0800},
	Journal = {Journal of Engineering Mathematics},
	Local-Url = {file://localhost/Users/dennisevangelista/Documents/Papers/1979/Gerritsen/Journal%20of%20Engineering%20Mathematics%201979%20Gerritsen.pdf},
	Month = {Jan},
	Pmid = {related:rf2aj2WEidQJ:scholar.google.com/},
	Rating = {2},
	Title = {On the angular motion of a freely falling human or animal body},
	Uri = {papers://7745578F-AF22-43C6-9381-71DCABA46510/Paper/p2561},
	Url = {http://www.springerlink.com/index/N176078621604237.pdf},
	Year = {1979},
	Bdsk-File-1 = {YnBsaXN0MDDUAQIDBAUIJidUJHRvcFgkb2JqZWN0c1gkdmVyc2lvblkkYXJjaGl2ZXLRBgdUcm9vdIABqAkKFRYXGyIjVSRudWxs0wsMDQ4RFFpOUy5vYmplY3RzV05TLmtleXNWJGNsYXNzog8QgASABqISE4ACgAOAB1lhbGlhc0RhdGFccmVsYXRpdmVQYXRo0hgNGRpXTlMuZGF0YU8RAnAAAAAAAnAAAgAADE1hY2ludG9zaCBIRAAAAAAAAAAAAAAAAAAAAMNhm/VIKwAAEzT0hR9Kb3VybmFsIG9mIEVuZ2luZWUjMTMzNEY0ODYucGRmAAAAAAAAAAAAAAAAAAAAAAAAAAAAAAAAAAAAAAAAAAATNPSGw8fjKwAAAAAAAAAAAAMABgAACSAAAAAAAAAAAAAAAAAAAAAJR2Vycml0c2VuAAAQAAgAAMNiDHUAAAARAAgAAMPIU6sAAAABABwTNPSFEzTfyxM035cTNN9LAAvf2gAL34UAAHlrAAIAdU1hY2ludG9zaCBIRDpVc2VyczoAZGVubmlzZXZhbmdlbGlzdGE6AERvY3VtZW50czoAUGFwZXJzMjoAQXJ0aWNsZXM6ADE5Nzk6AEdlcnJpdHNlbjoASm91cm5hbCBvZiBFbmdpbmVlIzEzMzRGNDg2LnBkZgAADgBsADUASgBvAHUAcgBuAGEAbAAgAG8AZgAgAEUAbgBnAGkAbgBlAGUAcgBpAG4AZwAgAE0AYQB0AGgAZQBtAGEAdABpAGMAcwAgADEAOQA3ADkAIABHAGUAcgByAGkAdABzAGUAbgAuAHAAZABmAA8AGgAMAE0AYQBjAGkAbgB0AG8AcwBoACAASABEABIAd1VzZXJzL2Rlbm5pc2V2YW5nZWxpc3RhL0RvY3VtZW50cy9QYXBlcnMyL0FydGljbGVzLzE5NzkvR2Vycml0c2VuL0pvdXJuYWwgb2YgRW5naW5lZXJpbmcgTWF0aGVtYXRpY3MgMTk3OSBHZXJyaXRzZW4ucGRmAAATAAEvAAAVAAIAGP//AACABdIcHR4fWCRjbGFzc2VzWiRjbGFzc25hbWWjHyAhXU5TTXV0YWJsZURhdGFWTlNEYXRhWE5TT2JqZWN0XxBoLi4vLi4vLi4vRG9jdW1lbnRzL1BhcGVyczIvQXJ0aWNsZXMvMTk3OS9HZXJyaXRzZW4vSm91cm5hbCBvZiBFbmdpbmVlcmluZyBNYXRoZW1hdGljcyAxOTc5IEdlcnJpdHNlbi5wZGbSHB0kJaIlIVxOU0RpY3Rpb25hcnkSAAGGoF8QD05TS2V5ZWRBcmNoaXZlcgAIABEAFgAfACgAMgA1ADoAPABFAEsAUgBdAGUAbABvAHEAcwB2AHgAegB8AIYAkwCYAKADFAMWAxsDJAMvAzMDQQNIA1EDvAPBA8QD0QPWAAAAAAAAAgEAAAAAAAAAKAAAAAAAAAAAAAAAAAAAA+g=},
	Bdsk-Url-1 = {http://www.springerlink.com/index/N176078621604237.pdf}}

@article{Meade:1998,
	Author = {DB Meade},
	Date-Added = {2011-01-24 15:36:30 -0800},
	Date-Modified = {2011-02-06 12:52:44 -0800},
	Journal = {SIAM review},
	Local-Url = {file://localhost/Users/dennisevangelista/Documents/Papers/1998/Meade/SIAM%20review%201998%20Meade.pdf},
	Number = {2},
	Pages = {327--332},
	Pmid = {5834095684099121100related:zB9eRB3f9lAJ},
	Rating = {0},
	Title = {ODE models for the parachute problem},
	Uri = {papers://7745578F-AF22-43C6-9381-71DCABA46510/Paper/p8409},
	Volume = {40},
	Year = {1998},
	Bdsk-File-1 = {YnBsaXN0MDDUAQIDBAUIJidUJHRvcFgkb2JqZWN0c1gkdmVyc2lvblkkYXJjaGl2ZXLRBgdUcm9vdIABqAkKFRYXGyIjVSRudWxs0wsMDQ4RFFpOUy5vYmplY3RzV05TLmtleXNWJGNsYXNzog8QgASABqISE4ACgAOAB1lhbGlhc0RhdGFccmVsYXRpdmVQYXRo0hgNGRpXTlMuZGF0YU8RAgwAAAAAAgwAAgAADE1hY2ludG9zaCBIRAAAAAAAAAAAAAAAAAAAAMNhm/VIKwAAEzUk+xpTSUFNIFJldmlldyAxOTk4IE1lYWRlLnBkZgAAAAAAAAAAAAAAAAAAAAAAAAAAAAAAAAAAAAAAAAAAAAAAAAATNST8yV9SJgAAAAAAAAAAAAMABgAACSAAAAAAAAAAAAAAAAAAAAAFTWVhZGUAABAACAAAw2IMdQAAABEACAAAyV/CpgAAAAEAHBM1JPsTNOKxEzTflxM030sAC9/aAAvfhQAAeWsAAgBsTWFjaW50b3NoIEhEOlVzZXJzOgBkZW5uaXNldmFuZ2VsaXN0YToARG9jdW1lbnRzOgBQYXBlcnMyOgBBcnRpY2xlczoAMTk5ODoATWVhZGU6AFNJQU0gUmV2aWV3IDE5OTggTWVhZGUucGRmAA4ANgAaAFMASQBBAE0AIABSAGUAdgBpAGUAdwAgADEAOQA5ADgAIABNAGUAYQBkAGUALgBwAGQAZgAPABoADABNAGEAYwBpAG4AdABvAHMAaAAgAEgARAASAFhVc2Vycy9kZW5uaXNldmFuZ2VsaXN0YS9Eb2N1bWVudHMvUGFwZXJzMi9BcnRpY2xlcy8xOTk4L01lYWRlL1NJQU0gUmV2aWV3IDE5OTggTWVhZGUucGRmABMAAS8AABUAAgAY//8AAIAF0hwdHh9YJGNsYXNzZXNaJGNsYXNzbmFtZaMfICFdTlNNdXRhYmxlRGF0YVZOU0RhdGFYTlNPYmplY3RfEEkuLi8uLi8uLi9Eb2N1bWVudHMvUGFwZXJzMi9BcnRpY2xlcy8xOTk4L01lYWRlL1NJQU0gUmV2aWV3IDE5OTggTWVhZGUucGRm0hwdJCWiJSFcTlNEaWN0aW9uYXJ5EgABhqBfEA9OU0tleWVkQXJjaGl2ZXIACAARABYAHwAoADIANQA6ADwARQBLAFIAXQBlAGwAbwBxAHMAdgB4AHoAfACGAJMAmACgArACsgK3AsACywLPAt0C5ALtAzkDPgNBA04DUwAAAAAAAAIBAAAAAAAAACgAAAAAAAAAAAAAAAAAAANl}}

@mastersthesis{Bomba:2008,
	Address = {Rochester, NY},
	Author = {Richard Nicholas Bomba},
	Date-Added = {2011-02-06 11:08:44 -0800},
	Date-Modified = {2011-02-17 10:59:40 -0800},
	Journal = {Master of Science Thesis, Department of Mechanical Engineering, University of Rochester, NY},
	Local-Url = {file://localhost/Users/dennisevangelista/Documents/Papers/2008/Bomba/Master%20of%20Science%20Thesis%20Department%20of%20Mechanical%20Engineering%20University%20of%20Rochester%20NY%202008%20Bomba.pdf},
	Month = {Jan},
	Pages = {1--299},
	Rating = {0},
	School = {Department of Mechanical Engineering, University of Rochester},
	Title = {Computer simulation of a 3{D}, 3-link, diver with cross product driven {PD} control},
	Uri = {papers://7745578F-AF22-43C6-9381-71DCABA46510/Paper/p8425},
	Year = {2008},
	Bdsk-File-1 = {YnBsaXN0MDDUAQIDBAUIJidUJHRvcFgkb2JqZWN0c1gkdmVyc2lvblkkYXJjaGl2ZXLRBgdUcm9vdIABqAkKFRYXGyIjVSRudWxs0wsMDQ4RFFpOUy5vYmplY3RzV05TLmtleXNWJGNsYXNzog8QgASABqISE4ACgAOAB1lhbGlhc0RhdGFccmVsYXRpdmVQYXRo0hgNGRpXTlMuZGF0YU8RAvoAAAAAAvoAAgAADE1hY2ludG9zaCBIRAAAAAAAAAAAAAAAAAAAAMNhm/VIKwAAEzUlJR9NYXN0ZXIgb2YgU2NpZW5jZSAjMTMzNTI1MjYucGRmAAAAAAAAAAAAAAAAAAAAAAAAAAAAAAAAAAAAAAAAAAATNSUmyWxaGQAAAAAAAAAAAAMABgAACSAAAAAAAAAAAAAAAAAAAAAFQm9tYmEAABAACAAAw2IMdQAAABEACAAAyWzKmQAAAAEAHBM1JSUTNOnaEzTflxM030sAC9/aAAvfhQAAeWsAAgBxTWFjaW50b3NoIEhEOlVzZXJzOgBkZW5uaXNldmFuZ2VsaXN0YToARG9jdW1lbnRzOgBQYXBlcnMyOgBBcnRpY2xlczoAMjAwODoAQm9tYmE6AE1hc3RlciBvZiBTY2llbmNlICMxMzM1MjUyNi5wZGYAAA4A0ABnAE0AYQBzAHQAZQByACAAbwBmACAAUwBjAGkAZQBuAGMAZQAgAFQAaABlAHMAaQBzACAARABlAHAAYQByAHQAbQBlAG4AdAAgAG8AZgAgAE0AZQBjAGgAYQBuAGkAYwBhAGwAIABFAG4AZwBpAG4AZQBlAHIAaQBuAGcAIABVAG4AaQB2AGUAcgBzAGkAdAB5ACAAbwBmACAAUgBvAGMAaABlAHMAdABlAHIAIABOAFkAIAAyADAAMAA4ACAAQgBvAG0AYgBhAC4AcABkAGYADwAaAAwATQBhAGMAaQBuAHQAbwBzAGgAIABIAEQAEgClVXNlcnMvZGVubmlzZXZhbmdlbGlzdGEvRG9jdW1lbnRzL1BhcGVyczIvQXJ0aWNsZXMvMjAwOC9Cb21iYS9NYXN0ZXIgb2YgU2NpZW5jZSBUaGVzaXMgRGVwYXJ0bWVudCBvZiBNZWNoYW5pY2FsIEVuZ2luZWVyaW5nIFVuaXZlcnNpdHkgb2YgUm9jaGVzdGVyIE5ZIDIwMDggQm9tYmEucGRmAAATAAEvAAAVAAIAGP//AACABdIcHR4fWCRjbGFzc2VzWiRjbGFzc25hbWWjHyAhXU5TTXV0YWJsZURhdGFWTlNEYXRhWE5TT2JqZWN0XxCWLi4vLi4vLi4vRG9jdW1lbnRzL1BhcGVyczIvQXJ0aWNsZXMvMjAwOC9Cb21iYS9NYXN0ZXIgb2YgU2NpZW5jZSBUaGVzaXMgRGVwYXJ0bWVudCBvZiBNZWNoYW5pY2FsIEVuZ2luZWVyaW5nIFVuaXZlcnNpdHkgb2YgUm9jaGVzdGVyIE5ZIDIwMDggQm9tYmEucGRm0hwdJCWiJSFcTlNEaWN0aW9uYXJ5EgABhqBfEA9OU0tleWVkQXJjaGl2ZXIACAARABYAHwAoADIANQA6ADwARQBLAFIAXQBlAGwAbwBxAHMAdgB4AHoAfACGAJMAmACgA54DoAOlA64DuQO9A8sD0gPbBHQEeQR8BIkEjgAAAAAAAAIBAAAAAAAAACgAAAAAAAAAAAAAAAAAAASg}}

@article{Haven:2000,
	Abstract = {First appeared in War Medicine (1942):2:286-296. },
	Author = {H De Haven},
	Date-Added = {2008-02-10 12:33:29 -0800},
	Date-Modified = {2011-02-06 12:52:44 -0800},
	Journal = {British Medical Journal},
	Local-Url = {file://localhost/Users/dennisevangelista/Documents/Papers/2000/De%20Haven/British%20Medical%20Journal%202000%20De%20Haven.pdf},
	Month = {Jan},
	Pmid = {14261210228745691320related:uOCN1yT_6cUJ},
	Rating = {5},
	Title = {Mechanical analysis of survival in falls from heights of fifty to one hundred and fifty feet},
	Uri = {papers://7745578F-AF22-43C6-9381-71DCABA46510/Paper/p2704},
	Url = {http://injuryprevention.bmj.com/cgi/content/extract/6/1/62-b},
	Year = {2000},
	Bdsk-File-1 = {YnBsaXN0MDDUAQIDBAUIJidUJHRvcFgkb2JqZWN0c1gkdmVyc2lvblkkYXJjaGl2ZXLRBgdUcm9vdIABqAkKFRYXGyIjVSRudWxs0wsMDQ4RFFpOUy5vYmplY3RzV05TLmtleXNWJGNsYXNzog8QgASABqISE4ACgAOAB1lhbGlhc0RhdGFccmVsYXRpdmVQYXRo0hgNGRpXTlMuZGF0YU8RAkYAAAAAAkYAAgAADE1hY2ludG9zaCBIRAAAAAAAAAAAAAAAAAAAAMNhm/VIKwAAEzT16R9Ccml0aXNoIE1lZGljYWwgSm8jMTMzNEY1RUEucGRmAAAAAAAAAAAAAAAAAAAAAAAAAAAAAAAAAAAAAAAAAAATNPXqw9SfhQAAAAAAAAAAAAMABgAACSAAAAAAAAAAAAAAAAAAAAAIRGUgSGF2ZW4AEAAIAADDYgx1AAAAEQAIAADD1RAFAAAAAQAcEzT16RM04T4TNN+XEzTfSwAL39oAC9+FAAB5awACAHRNYWNpbnRvc2ggSEQ6VXNlcnM6AGRlbm5pc2V2YW5nZWxpc3RhOgBEb2N1bWVudHM6AFBhcGVyczI6AEFydGljbGVzOgAyMDAwOgBEZSBIYXZlbjoAQnJpdGlzaCBNZWRpY2FsIEpvIzEzMzRGNUVBLnBkZgAOAFQAKQBCAHIAaQB0AGkAcwBoACAATQBlAGQAaQBjAGEAbAAgAEoAbwB1AHIAbgBhAGwAIAAyADAAMAAwACAARABlACAASABhAHYAZQBuAC4AcABkAGYADwAaAAwATQBhAGMAaQBuAHQAbwBzAGgAIABIAEQAEgBqVXNlcnMvZGVubmlzZXZhbmdlbGlzdGEvRG9jdW1lbnRzL1BhcGVyczIvQXJ0aWNsZXMvMjAwMC9EZSBIYXZlbi9Ccml0aXNoIE1lZGljYWwgSm91cm5hbCAyMDAwIERlIEhhdmVuLnBkZgATAAEvAAAVAAIAGP//AACABdIcHR4fWCRjbGFzc2VzWiRjbGFzc25hbWWjHyAhXU5TTXV0YWJsZURhdGFWTlNEYXRhWE5TT2JqZWN0XxBbLi4vLi4vLi4vRG9jdW1lbnRzL1BhcGVyczIvQXJ0aWNsZXMvMjAwMC9EZSBIYXZlbi9Ccml0aXNoIE1lZGljYWwgSm91cm5hbCAyMDAwIERlIEhhdmVuLnBkZtIcHSQloiUhXE5TRGljdGlvbmFyeRIAAYagXxAPTlNLZXllZEFyY2hpdmVyAAgAEQAWAB8AKAAyADUAOgA8AEUASwBSAF0AZQBsAG8AcQBzAHYAeAB6AHwAhgCTAJgAoALqAuwC8QL6AwUDCQMXAx4DJwOFA4oDjQOaA58AAAAAAAACAQAAAAAAAAAoAAAAAAAAAAAAAAAAAAADsQ==},
	Bdsk-Url-1 = {http://injuryprevention.bmj.com/cgi/content/extract/6/1/62-b}}
